%YAML 1.1
%TAG !u! tag:unity3d.com,2011:
--- !u!29 &1
OcclusionCullingSettings:
  m_ObjectHideFlags: 0
  serializedVersion: 2
  m_OcclusionBakeSettings:
    smallestOccluder: 5
    smallestHole: 0.25
    backfaceThreshold: 100
  m_SceneGUID: 00000000000000000000000000000000
  m_OcclusionCullingData: {fileID: 0}
--- !u!104 &2
RenderSettings:
  m_ObjectHideFlags: 0
  serializedVersion: 9
  m_Fog: 0
  m_FogColor: {r: 0.5, g: 0.5, b: 0.5, a: 1}
  m_FogMode: 3
  m_FogDensity: 0.01
  m_LinearFogStart: 0
  m_LinearFogEnd: 300
  m_AmbientSkyColor: {r: 0.212, g: 0.227, b: 0.259, a: 1}
  m_AmbientEquatorColor: {r: 0.114, g: 0.125, b: 0.133, a: 1}
  m_AmbientGroundColor: {r: 0.047, g: 0.043, b: 0.035, a: 1}
  m_AmbientIntensity: 1
  m_AmbientMode: 0
  m_SubtractiveShadowColor: {r: 0.42, g: 0.478, b: 0.627, a: 1}
  m_SkyboxMaterial: {fileID: 10304, guid: 0000000000000000f000000000000000, type: 0}
  m_HaloStrength: 0.5
  m_FlareStrength: 1
  m_FlareFadeSpeed: 3
  m_HaloTexture: {fileID: 0}
  m_SpotCookie: {fileID: 10001, guid: 0000000000000000e000000000000000, type: 0}
  m_DefaultReflectionMode: 0
  m_DefaultReflectionResolution: 128
  m_ReflectionBounces: 1
  m_ReflectionIntensity: 1
  m_CustomReflection: {fileID: 0}
  m_Sun: {fileID: 705507994}
  m_IndirectSpecularColor: {r: 0.18028378, g: 0.22571412, b: 0.30692285, a: 1}
  m_UseRadianceAmbientProbe: 0
--- !u!157 &3
LightmapSettings:
  m_ObjectHideFlags: 0
  serializedVersion: 12
  m_GIWorkflowMode: 1
  m_GISettings:
    serializedVersion: 2
    m_BounceScale: 1
    m_IndirectOutputScale: 1
    m_AlbedoBoost: 1
    m_EnvironmentLightingMode: 0
    m_EnableBakedLightmaps: 1
    m_EnableRealtimeLightmaps: 0
  m_LightmapEditorSettings:
    serializedVersion: 12
    m_Resolution: 2
    m_BakeResolution: 40
    m_AtlasSize: 1024
    m_AO: 0
    m_AOMaxDistance: 1
    m_CompAOExponent: 1
    m_CompAOExponentDirect: 0
    m_ExtractAmbientOcclusion: 0
    m_Padding: 2
    m_LightmapParameters: {fileID: 0}
    m_LightmapsBakeMode: 1
    m_TextureCompression: 1
    m_FinalGather: 0
    m_FinalGatherFiltering: 1
    m_FinalGatherRayCount: 256
    m_ReflectionCompression: 2
    m_MixedBakeMode: 2
    m_BakeBackend: 1
    m_PVRSampling: 1
    m_PVRDirectSampleCount: 32
    m_PVRSampleCount: 500
    m_PVRBounces: 2
    m_PVREnvironmentSampleCount: 500
    m_PVREnvironmentReferencePointCount: 2048
    m_PVRFilteringMode: 2
    m_PVRDenoiserTypeDirect: 0
    m_PVRDenoiserTypeIndirect: 0
    m_PVRDenoiserTypeAO: 0
    m_PVRFilterTypeDirect: 0
    m_PVRFilterTypeIndirect: 0
    m_PVRFilterTypeAO: 0
    m_PVREnvironmentMIS: 0
    m_PVRCulling: 1
    m_PVRFilteringGaussRadiusDirect: 1
    m_PVRFilteringGaussRadiusIndirect: 5
    m_PVRFilteringGaussRadiusAO: 2
    m_PVRFilteringAtrousPositionSigmaDirect: 0.5
    m_PVRFilteringAtrousPositionSigmaIndirect: 2
    m_PVRFilteringAtrousPositionSigmaAO: 1
    m_ExportTrainingData: 0
    m_TrainingDataDestination: TrainingData
    m_LightProbeSampleCountMultiplier: 4
  m_LightingDataAsset: {fileID: 0}
  m_LightingSettings: {fileID: 0}
--- !u!196 &4
NavMeshSettings:
  serializedVersion: 2
  m_ObjectHideFlags: 0
  m_BuildSettings:
    serializedVersion: 2
    agentTypeID: 0
    agentRadius: 0.5
    agentHeight: 2
    agentSlope: 45
    agentClimb: 0.4
    ledgeDropHeight: 0
    maxJumpAcrossDistance: 0
    minRegionArea: 2
    manualCellSize: 0
    cellSize: 0.16666667
    manualTileSize: 0
    tileSize: 256
    accuratePlacement: 0
    maxJobWorkers: 0
    preserveTilesOutsideBounds: 0
    debug:
      m_Flags: 0
  m_NavMeshData: {fileID: 0}
--- !u!1 &22257438
GameObject:
  m_ObjectHideFlags: 0
  m_CorrespondingSourceObject: {fileID: 0}
  m_PrefabInstance: {fileID: 0}
  m_PrefabAsset: {fileID: 0}
  serializedVersion: 6
  m_Component:
  - component: {fileID: 22257443}
  - component: {fileID: 22257444}
  - component: {fileID: 22257445}
  m_Layer: 0
  m_Name: Player
  m_TagString: Untagged
  m_Icon: {fileID: 0}
  m_NavMeshLayer: 0
  m_StaticEditorFlags: 0
  m_IsActive: 1
--- !u!4 &22257443
Transform:
  m_ObjectHideFlags: 0
  m_CorrespondingSourceObject: {fileID: 0}
  m_PrefabInstance: {fileID: 0}
  m_PrefabAsset: {fileID: 0}
  m_GameObject: {fileID: 22257438}
  m_LocalRotation: {x: -0, y: -0, z: -0, w: 1}
  m_LocalPosition: {x: -0.16304588, y: 3.04, z: 0.006281972}
  m_LocalScale: {x: 1, y: 1, z: 1}
  m_ConstrainProportionsScale: 0
  m_Children:
  - {fileID: 35964430}
  - {fileID: 1491618800}
  m_Father: {fileID: 0}
  m_RootOrder: 2
  m_LocalEulerAnglesHint: {x: 0, y: 0, z: 0}
--- !u!54 &22257444
Rigidbody:
  m_ObjectHideFlags: 0
  m_CorrespondingSourceObject: {fileID: 0}
  m_PrefabInstance: {fileID: 0}
  m_PrefabAsset: {fileID: 0}
  m_GameObject: {fileID: 22257438}
  serializedVersion: 2
  m_Mass: 1
  m_Drag: 1
  m_AngularDrag: 0.05
  m_UseGravity: 0
  m_IsKinematic: 0
  m_Interpolate: 1
  m_Constraints: 0
  m_CollisionDetection: 1
--- !u!114 &22257445
MonoBehaviour:
  m_ObjectHideFlags: 0
  m_CorrespondingSourceObject: {fileID: 0}
  m_PrefabInstance: {fileID: 0}
  m_PrefabAsset: {fileID: 0}
  m_GameObject: {fileID: 22257438}
  m_Enabled: 1
  m_EditorHideFlags: 0
  m_Script: {fileID: 11500000, guid: e5507b5a26060ea4ea719a423d3472ba, type: 3}
  m_Name: 
  m_EditorClassIdentifier: 
  speed: 10
  orientation: {fileID: 1491618800}
  gravity: 0
--- !u!1 &35964429
GameObject:
  m_ObjectHideFlags: 0
  m_CorrespondingSourceObject: {fileID: 0}
  m_PrefabInstance: {fileID: 0}
  m_PrefabAsset: {fileID: 0}
  serializedVersion: 6
  m_Component:
  - component: {fileID: 35964430}
  - component: {fileID: 35964433}
  - component: {fileID: 35964432}
  - component: {fileID: 35964431}
  m_Layer: 0
  m_Name: Capsule
  m_TagString: Untagged
  m_Icon: {fileID: 0}
  m_NavMeshLayer: 0
  m_StaticEditorFlags: 0
  m_IsActive: 1
--- !u!4 &35964430
Transform:
  m_ObjectHideFlags: 0
  m_CorrespondingSourceObject: {fileID: 0}
  m_PrefabInstance: {fileID: 0}
  m_PrefabAsset: {fileID: 0}
  m_GameObject: {fileID: 35964429}
  m_LocalRotation: {x: 0, y: 0, z: 0, w: 1}
  m_LocalPosition: {x: 0, y: 0, z: 0}
  m_LocalScale: {x: 1, y: 1, z: 1}
  m_ConstrainProportionsScale: 0
  m_Children: []
  m_Father: {fileID: 22257443}
  m_RootOrder: 0
  m_LocalEulerAnglesHint: {x: 0, y: 0, z: 0}
--- !u!136 &35964431
CapsuleCollider:
  m_ObjectHideFlags: 0
  m_CorrespondingSourceObject: {fileID: 0}
  m_PrefabInstance: {fileID: 0}
  m_PrefabAsset: {fileID: 0}
  m_GameObject: {fileID: 35964429}
  m_Material: {fileID: 0}
  m_IsTrigger: 0
  m_Enabled: 1
  m_Radius: 0.5
  m_Height: 2
  m_Direction: 1
  m_Center: {x: 0, y: 0, z: 0}
--- !u!23 &35964432
MeshRenderer:
  m_ObjectHideFlags: 0
  m_CorrespondingSourceObject: {fileID: 0}
  m_PrefabInstance: {fileID: 0}
  m_PrefabAsset: {fileID: 0}
  m_GameObject: {fileID: 35964429}
  m_Enabled: 1
  m_CastShadows: 0
  m_ReceiveShadows: 1
  m_DynamicOccludee: 1
  m_StaticShadowCaster: 0
  m_MotionVectors: 1
  m_LightProbeUsage: 1
  m_ReflectionProbeUsage: 1
  m_RayTracingMode: 2
  m_RayTraceProcedural: 0
  m_RenderingLayerMask: 1
  m_RendererPriority: 0
  m_Materials:
  - {fileID: 10303, guid: 0000000000000000f000000000000000, type: 0}
  m_StaticBatchInfo:
    firstSubMesh: 0
    subMeshCount: 0
  m_StaticBatchRoot: {fileID: 0}
  m_ProbeAnchor: {fileID: 0}
  m_LightProbeVolumeOverride: {fileID: 0}
  m_ScaleInLightmap: 1
  m_ReceiveGI: 1
  m_PreserveUVs: 0
  m_IgnoreNormalsForChartDetection: 0
  m_ImportantGI: 0
  m_StitchLightmapSeams: 1
  m_SelectedEditorRenderState: 3
  m_MinimumChartSize: 4
  m_AutoUVMaxDistance: 0.5
  m_AutoUVMaxAngle: 89
  m_LightmapParameters: {fileID: 0}
  m_SortingLayerID: 0
  m_SortingLayer: 0
  m_SortingOrder: 0
  m_AdditionalVertexStreams: {fileID: 0}
--- !u!33 &35964433
MeshFilter:
  m_ObjectHideFlags: 0
  m_CorrespondingSourceObject: {fileID: 0}
  m_PrefabInstance: {fileID: 0}
  m_PrefabAsset: {fileID: 0}
  m_GameObject: {fileID: 35964429}
  m_Mesh: {fileID: 10208, guid: 0000000000000000e000000000000000, type: 0}
--- !u!114 &173316693
MonoBehaviour:
  m_ObjectHideFlags: 0
  m_CorrespondingSourceObject: {fileID: 0}
  m_PrefabInstance: {fileID: 0}
  m_PrefabAsset: {fileID: 0}
  m_GameObject: {fileID: 0}
  m_Enabled: 1
  m_EditorHideFlags: 0
  m_Script: {fileID: 11500000, guid: 3ea8e27e8c73266459bfbd2470a9f761, type: 3}
  m_Name: cht_city4(Clone)
  m_EditorClassIdentifier: 
  id: 14
  prefab: {fileID: 8162063271313489815, guid: ffdde5d8d1aa3e54eb189291f966a534, type: 3}
  weight: 1
  uniqueRotations: 6
  minElevation: 0
  maxElevation: 0
  currentElevation: 0
  sideBorders:
  - borderData: {fileID: 11400000, guid: dd024c17d4d3ad943910c407b6e5d1b0, type: 2}
    relativeElevation: 0
  - borderData: {fileID: 11400000, guid: db922ac51c8a9e748a01c7215614d23f, type: 2}
    relativeElevation: 0
  - borderData: {fileID: 11400000, guid: db922ac51c8a9e748a01c7215614d23f, type: 2}
    relativeElevation: 0
  - borderData: {fileID: 11400000, guid: db922ac51c8a9e748a01c7215614d23f, type: 2}
    relativeElevation: 0
  - borderData: {fileID: 11400000, guid: db922ac51c8a9e748a01c7215614d23f, type: 2}
    relativeElevation: 0
  - borderData: {fileID: 11400000, guid: dd024c17d4d3ad943910c407b6e5d1b0, type: 2}
    relativeElevation: 0
  verticalBorder:
    vertBorderData: {fileID: 0}
    offset: {x: 0, y: 0, z: 0}
  group:
    id: 0
    layerID: 0
    groupName: all
    tiles:
      tiles:
      - {fileID: 11400000, guid: 999c90c7dd9b66144a4252ce6837b791, type: 2}
      - {fileID: 11400000, guid: 6ade4501e206b8b43921adeb17394564, type: 2}
      - {fileID: 11400000, guid: bf177768f3baff946a0be56a5c978923, type: 2}
      - {fileID: 11400000, guid: ee3ca6feb0cf3d5499a15c54a9a8c862, type: 2}
      - {fileID: 11400000, guid: ff9846b5f5afd6940b1f1ec39002e7a1, type: 2}
  currentRotation: 1
--- !u!114 &267528437
MonoBehaviour:
  m_ObjectHideFlags: 0
  m_CorrespondingSourceObject: {fileID: 0}
  m_PrefabInstance: {fileID: 0}
  m_PrefabAsset: {fileID: 0}
  m_GameObject: {fileID: 0}
  m_Enabled: 1
  m_EditorHideFlags: 0
  m_Script: {fileID: 11500000, guid: 3ea8e27e8c73266459bfbd2470a9f761, type: 3}
  m_Name: cht_city3(Clone)
  m_EditorClassIdentifier: 
  id: 12
  prefab: {fileID: 8162063271313489815, guid: dc2d0c2f93a3ca847a9070b57d232f74, type: 3}
  weight: 1
  uniqueRotations: 6
  minElevation: 0
  maxElevation: 0
  currentElevation: 0
  sideBorders:
  - borderData: {fileID: 11400000, guid: db922ac51c8a9e748a01c7215614d23f, type: 2}
    relativeElevation: 0
  - borderData: {fileID: 11400000, guid: db922ac51c8a9e748a01c7215614d23f, type: 2}
    relativeElevation: 0
  - borderData: {fileID: 11400000, guid: dd024c17d4d3ad943910c407b6e5d1b0, type: 2}
    relativeElevation: 0
  - borderData: {fileID: 11400000, guid: dd024c17d4d3ad943910c407b6e5d1b0, type: 2}
    relativeElevation: 0
  - borderData: {fileID: 11400000, guid: dd024c17d4d3ad943910c407b6e5d1b0, type: 2}
    relativeElevation: 0
  - borderData: {fileID: 11400000, guid: db922ac51c8a9e748a01c7215614d23f, type: 2}
    relativeElevation: 0
  verticalBorder:
    vertBorderData: {fileID: 0}
    offset: {x: 0, y: 0, z: 0}
  group:
    id: 0
    layerID: 0
    groupName: all
    tiles:
      tiles:
      - {fileID: 11400000, guid: 999c90c7dd9b66144a4252ce6837b791, type: 2}
      - {fileID: 11400000, guid: 6ade4501e206b8b43921adeb17394564, type: 2}
      - {fileID: 11400000, guid: bf177768f3baff946a0be56a5c978923, type: 2}
      - {fileID: 11400000, guid: ee3ca6feb0cf3d5499a15c54a9a8c862, type: 2}
      - {fileID: 11400000, guid: ff9846b5f5afd6940b1f1ec39002e7a1, type: 2}
  currentRotation: 5
--- !u!114 &504919278
MonoBehaviour:
  m_ObjectHideFlags: 0
  m_CorrespondingSourceObject: {fileID: 0}
  m_PrefabInstance: {fileID: 0}
  m_PrefabAsset: {fileID: 0}
  m_GameObject: {fileID: 0}
  m_Enabled: 1
  m_EditorHideFlags: 0
  m_Script: {fileID: 11500000, guid: 3ea8e27e8c73266459bfbd2470a9f761, type: 3}
  m_Name: cht_city4(Clone)
  m_EditorClassIdentifier: 
  id: 18
  prefab: {fileID: 8162063271313489815, guid: ffdde5d8d1aa3e54eb189291f966a534, type: 3}
  weight: 1
  uniqueRotations: 6
  minElevation: 0
  maxElevation: 0
  currentElevation: 0
  sideBorders:
  - borderData: {fileID: 11400000, guid: db922ac51c8a9e748a01c7215614d23f, type: 2}
    relativeElevation: 0
  - borderData: {fileID: 11400000, guid: db922ac51c8a9e748a01c7215614d23f, type: 2}
    relativeElevation: 0
  - borderData: {fileID: 11400000, guid: db922ac51c8a9e748a01c7215614d23f, type: 2}
    relativeElevation: 0
  - borderData: {fileID: 11400000, guid: dd024c17d4d3ad943910c407b6e5d1b0, type: 2}
    relativeElevation: 0
  - borderData: {fileID: 11400000, guid: dd024c17d4d3ad943910c407b6e5d1b0, type: 2}
    relativeElevation: 0
  - borderData: {fileID: 11400000, guid: db922ac51c8a9e748a01c7215614d23f, type: 2}
    relativeElevation: 0
  verticalBorder:
    vertBorderData: {fileID: 0}
    offset: {x: 0, y: 0, z: 0}
  group:
    id: 0
    layerID: 0
    groupName: all
    tiles:
      tiles:
      - {fileID: 11400000, guid: 999c90c7dd9b66144a4252ce6837b791, type: 2}
      - {fileID: 11400000, guid: 6ade4501e206b8b43921adeb17394564, type: 2}
      - {fileID: 11400000, guid: bf177768f3baff946a0be56a5c978923, type: 2}
      - {fileID: 11400000, guid: ee3ca6feb0cf3d5499a15c54a9a8c862, type: 2}
      - {fileID: 11400000, guid: ff9846b5f5afd6940b1f1ec39002e7a1, type: 2}
  currentRotation: 5
--- !u!114 &628295081
MonoBehaviour:
  m_ObjectHideFlags: 0
  m_CorrespondingSourceObject: {fileID: 0}
  m_PrefabInstance: {fileID: 0}
  m_PrefabAsset: {fileID: 0}
  m_GameObject: {fileID: 0}
  m_Enabled: 1
  m_EditorHideFlags: 0
  m_Script: {fileID: 11500000, guid: 3ea8e27e8c73266459bfbd2470a9f761, type: 3}
  m_Name: cht_city2(Clone)
  m_EditorClassIdentifier: 
  id: 6
  prefab: {fileID: 8162063271313489815, guid: 0a277e6ada5fcf1489d30fa998012a1a, type: 3}
  weight: 1
  uniqueRotations: 6
  minElevation: 0
  maxElevation: 0
  currentElevation: 0
  sideBorders:
  - borderData: {fileID: 11400000, guid: db922ac51c8a9e748a01c7215614d23f, type: 2}
    relativeElevation: 0
  - borderData: {fileID: 11400000, guid: dd024c17d4d3ad943910c407b6e5d1b0, type: 2}
    relativeElevation: 0
  - borderData: {fileID: 11400000, guid: dd024c17d4d3ad943910c407b6e5d1b0, type: 2}
    relativeElevation: 0
  - borderData: {fileID: 11400000, guid: dd024c17d4d3ad943910c407b6e5d1b0, type: 2}
    relativeElevation: 0
  - borderData: {fileID: 11400000, guid: dd024c17d4d3ad943910c407b6e5d1b0, type: 2}
    relativeElevation: 0
  - borderData: {fileID: 11400000, guid: db922ac51c8a9e748a01c7215614d23f, type: 2}
    relativeElevation: 0
  verticalBorder:
    vertBorderData: {fileID: 0}
    offset: {x: 0, y: 0, z: 0}
  group:
    id: 0
    layerID: 0
    groupName: all
    tiles:
      tiles:
      - {fileID: 11400000, guid: 999c90c7dd9b66144a4252ce6837b791, type: 2}
      - {fileID: 11400000, guid: 6ade4501e206b8b43921adeb17394564, type: 2}
      - {fileID: 11400000, guid: bf177768f3baff946a0be56a5c978923, type: 2}
      - {fileID: 11400000, guid: ee3ca6feb0cf3d5499a15c54a9a8c862, type: 2}
      - {fileID: 11400000, guid: ff9846b5f5afd6940b1f1ec39002e7a1, type: 2}
  currentRotation: 5
--- !u!1 &705507993
GameObject:
  m_ObjectHideFlags: 0
  m_CorrespondingSourceObject: {fileID: 0}
  m_PrefabInstance: {fileID: 0}
  m_PrefabAsset: {fileID: 0}
  serializedVersion: 6
  m_Component:
  - component: {fileID: 705507995}
  - component: {fileID: 705507994}
  m_Layer: 0
  m_Name: Directional Light
  m_TagString: Untagged
  m_Icon: {fileID: 0}
  m_NavMeshLayer: 0
  m_StaticEditorFlags: 0
  m_IsActive: 1
--- !u!108 &705507994
Light:
  m_ObjectHideFlags: 0
  m_CorrespondingSourceObject: {fileID: 0}
  m_PrefabInstance: {fileID: 0}
  m_PrefabAsset: {fileID: 0}
  m_GameObject: {fileID: 705507993}
  m_Enabled: 1
  serializedVersion: 10
  m_Type: 1
  m_Shape: 0
  m_Color: {r: 1, g: 0.95686275, b: 0.8392157, a: 1}
  m_Intensity: 1
  m_Range: 10
  m_SpotAngle: 30
  m_InnerSpotAngle: 21.80208
  m_CookieSize: 10
  m_Shadows:
    m_Type: 2
    m_Resolution: -1
    m_CustomResolution: -1
    m_Strength: 1
    m_Bias: 0.05
    m_NormalBias: 0.4
    m_NearPlane: 0.2
    m_CullingMatrixOverride:
      e00: 1
      e01: 0
      e02: 0
      e03: 0
      e10: 0
      e11: 1
      e12: 0
      e13: 0
      e20: 0
      e21: 0
      e22: 1
      e23: 0
      e30: 0
      e31: 0
      e32: 0
      e33: 1
    m_UseCullingMatrixOverride: 0
  m_Cookie: {fileID: 0}
  m_DrawHalo: 0
  m_Flare: {fileID: 0}
  m_RenderMode: 0
  m_CullingMask:
    serializedVersion: 2
    m_Bits: 4294967295
  m_RenderingLayerMask: 1
  m_Lightmapping: 1
  m_LightShadowCasterMode: 0
  m_AreaSize: {x: 1, y: 1}
  m_BounceIntensity: 1
  m_ColorTemperature: 6570
  m_UseColorTemperature: 0
  m_BoundingSphereOverride: {x: 0, y: 0, z: 0, w: 0}
  m_UseBoundingSphereOverride: 0
  m_UseViewFrustumForShadowCasterCull: 1
  m_ShadowRadius: 0
  m_ShadowAngle: 0
--- !u!4 &705507995
Transform:
  m_ObjectHideFlags: 0
  m_CorrespondingSourceObject: {fileID: 0}
  m_PrefabInstance: {fileID: 0}
  m_PrefabAsset: {fileID: 0}
  m_GameObject: {fileID: 705507993}
  m_LocalRotation: {x: 0.40821788, y: -0.23456968, z: 0.10938163, w: 0.8754261}
  m_LocalPosition: {x: 0, y: 3, z: 0}
  m_LocalScale: {x: 1, y: 1, z: 1}
  m_ConstrainProportionsScale: 0
  m_Children: []
  m_Father: {fileID: 0}
  m_RootOrder: 0
  m_LocalEulerAnglesHint: {x: 50, y: -30, z: 0}
--- !u!114 &892202936
MonoBehaviour:
  m_ObjectHideFlags: 0
  m_CorrespondingSourceObject: {fileID: 0}
  m_PrefabInstance: {fileID: 0}
  m_PrefabAsset: {fileID: 0}
  m_GameObject: {fileID: 0}
  m_Enabled: 1
  m_EditorHideFlags: 0
  m_Script: {fileID: 11500000, guid: 3ea8e27e8c73266459bfbd2470a9f761, type: 3}
  m_Name: cht_city4(Clone)
  m_EditorClassIdentifier: 
  id: 16
  prefab: {fileID: 8162063271313489815, guid: ffdde5d8d1aa3e54eb189291f966a534, type: 3}
  weight: 1
  uniqueRotations: 6
  minElevation: 0
  maxElevation: 0
  currentElevation: 0
  sideBorders:
  - borderData: {fileID: 11400000, guid: db922ac51c8a9e748a01c7215614d23f, type: 2}
    relativeElevation: 0
  - borderData: {fileID: 11400000, guid: dd024c17d4d3ad943910c407b6e5d1b0, type: 2}
    relativeElevation: 0
  - borderData: {fileID: 11400000, guid: dd024c17d4d3ad943910c407b6e5d1b0, type: 2}
    relativeElevation: 0
  - borderData: {fileID: 11400000, guid: db922ac51c8a9e748a01c7215614d23f, type: 2}
    relativeElevation: 0
  - borderData: {fileID: 11400000, guid: db922ac51c8a9e748a01c7215614d23f, type: 2}
    relativeElevation: 0
  - borderData: {fileID: 11400000, guid: db922ac51c8a9e748a01c7215614d23f, type: 2}
    relativeElevation: 0
  verticalBorder:
    vertBorderData: {fileID: 0}
    offset: {x: 0, y: 0, z: 0}
  group:
    id: 0
    layerID: 0
    groupName: all
    tiles:
      tiles:
      - {fileID: 11400000, guid: 999c90c7dd9b66144a4252ce6837b791, type: 2}
      - {fileID: 11400000, guid: 6ade4501e206b8b43921adeb17394564, type: 2}
      - {fileID: 11400000, guid: bf177768f3baff946a0be56a5c978923, type: 2}
      - {fileID: 11400000, guid: ee3ca6feb0cf3d5499a15c54a9a8c862, type: 2}
      - {fileID: 11400000, guid: ff9846b5f5afd6940b1f1ec39002e7a1, type: 2}
  currentRotation: 3
--- !u!114 &991731191
MonoBehaviour:
  m_ObjectHideFlags: 0
  m_CorrespondingSourceObject: {fileID: 0}
  m_PrefabInstance: {fileID: 0}
  m_PrefabAsset: {fileID: 0}
  m_GameObject: {fileID: 0}
  m_Enabled: 1
  m_EditorHideFlags: 0
  m_Script: {fileID: 11500000, guid: 3ea8e27e8c73266459bfbd2470a9f761, type: 3}
  m_Name: cht_city4(Clone)
  m_EditorClassIdentifier: 
  id: 17
  prefab: {fileID: 8162063271313489815, guid: ffdde5d8d1aa3e54eb189291f966a534, type: 3}
  weight: 1
  uniqueRotations: 6
  minElevation: 0
  maxElevation: 0
  currentElevation: 0
  sideBorders:
  - borderData: {fileID: 11400000, guid: db922ac51c8a9e748a01c7215614d23f, type: 2}
    relativeElevation: 0
  - borderData: {fileID: 11400000, guid: db922ac51c8a9e748a01c7215614d23f, type: 2}
    relativeElevation: 0
  - borderData: {fileID: 11400000, guid: dd024c17d4d3ad943910c407b6e5d1b0, type: 2}
    relativeElevation: 0
  - borderData: {fileID: 11400000, guid: dd024c17d4d3ad943910c407b6e5d1b0, type: 2}
    relativeElevation: 0
  - borderData: {fileID: 11400000, guid: db922ac51c8a9e748a01c7215614d23f, type: 2}
    relativeElevation: 0
  - borderData: {fileID: 11400000, guid: db922ac51c8a9e748a01c7215614d23f, type: 2}
    relativeElevation: 0
  verticalBorder:
    vertBorderData: {fileID: 0}
    offset: {x: 0, y: 0, z: 0}
  group:
    id: 0
    layerID: 0
    groupName: all
    tiles:
      tiles:
      - {fileID: 11400000, guid: 999c90c7dd9b66144a4252ce6837b791, type: 2}
      - {fileID: 11400000, guid: 6ade4501e206b8b43921adeb17394564, type: 2}
      - {fileID: 11400000, guid: bf177768f3baff946a0be56a5c978923, type: 2}
      - {fileID: 11400000, guid: ee3ca6feb0cf3d5499a15c54a9a8c862, type: 2}
      - {fileID: 11400000, guid: ff9846b5f5afd6940b1f1ec39002e7a1, type: 2}
  currentRotation: 4
--- !u!114 &1020838373
MonoBehaviour:
  m_ObjectHideFlags: 0
  m_CorrespondingSourceObject: {fileID: 0}
  m_PrefabInstance: {fileID: 0}
  m_PrefabAsset: {fileID: 0}
  m_GameObject: {fileID: 0}
  m_Enabled: 1
  m_EditorHideFlags: 0
  m_Script: {fileID: 11500000, guid: 3ea8e27e8c73266459bfbd2470a9f761, type: 3}
  m_Name: cht_meadow(Clone)
  m_EditorClassIdentifier: 
  id: 0
  prefab: {fileID: 8162063271313489815, guid: 8bced81519fc4ee4da8bf5eda2f64514, type: 3}
  weight: 1
  uniqueRotations: 1
  minElevation: 0
  maxElevation: 0
  currentElevation: 0
  sideBorders:
  - borderData: {fileID: 11400000, guid: dd024c17d4d3ad943910c407b6e5d1b0, type: 2}
    relativeElevation: 0
  - borderData: {fileID: 11400000, guid: dd024c17d4d3ad943910c407b6e5d1b0, type: 2}
    relativeElevation: 0
  - borderData: {fileID: 11400000, guid: dd024c17d4d3ad943910c407b6e5d1b0, type: 2}
    relativeElevation: 0
  - borderData: {fileID: 11400000, guid: dd024c17d4d3ad943910c407b6e5d1b0, type: 2}
    relativeElevation: 0
  - borderData: {fileID: 11400000, guid: dd024c17d4d3ad943910c407b6e5d1b0, type: 2}
    relativeElevation: 0
  - borderData: {fileID: 11400000, guid: dd024c17d4d3ad943910c407b6e5d1b0, type: 2}
    relativeElevation: 0
  verticalBorder:
    vertBorderData: {fileID: 0}
    offset: {x: 0, y: 0, z: 0}
  group:
    id: 0
    layerID: 0
    groupName: all
    tiles:
      tiles:
      - {fileID: 11400000, guid: 999c90c7dd9b66144a4252ce6837b791, type: 2}
      - {fileID: 11400000, guid: 6ade4501e206b8b43921adeb17394564, type: 2}
      - {fileID: 11400000, guid: bf177768f3baff946a0be56a5c978923, type: 2}
      - {fileID: 11400000, guid: ee3ca6feb0cf3d5499a15c54a9a8c862, type: 2}
      - {fileID: 11400000, guid: ff9846b5f5afd6940b1f1ec39002e7a1, type: 2}
  currentRotation: 0
--- !u!1 &1033667701
GameObject:
  m_ObjectHideFlags: 0
  m_CorrespondingSourceObject: {fileID: 0}
  m_PrefabInstance: {fileID: 0}
  m_PrefabAsset: {fileID: 0}
  serializedVersion: 6
  m_Component:
  - component: {fileID: 1033667702}
  - component: {fileID: 1033667704}
  - component: {fileID: 1033667703}
  - component: {fileID: 1033667705}
  m_Layer: 0
  m_Name: MainCamera
  m_TagString: MainCamera
  m_Icon: {fileID: 0}
  m_NavMeshLayer: 0
  m_StaticEditorFlags: 0
  m_IsActive: 1
--- !u!4 &1033667702
Transform:
  m_ObjectHideFlags: 0
  m_CorrespondingSourceObject: {fileID: 0}
  m_PrefabInstance: {fileID: 0}
  m_PrefabAsset: {fileID: 0}
  m_GameObject: {fileID: 1033667701}
  m_LocalRotation: {x: -0, y: -0, z: -0, w: 1}
  m_LocalPosition: {x: 0, y: 0, z: 0}
  m_LocalScale: {x: 1, y: 1, z: 1}
  m_ConstrainProportionsScale: 0
  m_Children: []
  m_Father: {fileID: 1827626074}
  m_RootOrder: 0
  m_LocalEulerAnglesHint: {x: 0, y: 0, z: 0}
--- !u!81 &1033667703
AudioListener:
  m_ObjectHideFlags: 0
  m_CorrespondingSourceObject: {fileID: 0}
  m_PrefabInstance: {fileID: 0}
  m_PrefabAsset: {fileID: 0}
  m_GameObject: {fileID: 1033667701}
  m_Enabled: 1
--- !u!20 &1033667704
Camera:
  m_ObjectHideFlags: 0
  m_CorrespondingSourceObject: {fileID: 0}
  m_PrefabInstance: {fileID: 0}
  m_PrefabAsset: {fileID: 0}
  m_GameObject: {fileID: 1033667701}
  m_Enabled: 1
  serializedVersion: 2
  m_ClearFlags: 1
  m_BackGroundColor: {r: 0.19215687, g: 0.3019608, b: 0.4745098, a: 0}
  m_projectionMatrixMode: 1
  m_GateFitMode: 2
  m_FOVAxisMode: 0
  m_SensorSize: {x: 36, y: 24}
  m_LensShift: {x: 0, y: 0}
  m_FocalLength: 50
  m_NormalizedViewPortRect:
    serializedVersion: 2
    x: 0
    y: 0
    width: 1
    height: 1
  near clip plane: 0.3
  far clip plane: 1000
  field of view: 60
  orthographic: 0
  orthographic size: 5
  m_Depth: 0
  m_CullingMask:
    serializedVersion: 2
    m_Bits: 4294967295
  m_RenderingPath: -1
  m_TargetTexture: {fileID: 0}
  m_TargetDisplay: 0
  m_TargetEye: 3
  m_HDR: 1
  m_AllowMSAA: 1
  m_AllowDynamicResolution: 0
  m_ForceIntoRT: 0
  m_OcclusionCulling: 1
  m_StereoConvergence: 10
  m_StereoSeparation: 0.022
--- !u!114 &1033667705
MonoBehaviour:
  m_ObjectHideFlags: 0
  m_CorrespondingSourceObject: {fileID: 0}
  m_PrefabInstance: {fileID: 0}
  m_PrefabAsset: {fileID: 0}
  m_GameObject: {fileID: 1033667701}
  m_Enabled: 1
  m_EditorHideFlags: 0
  m_Script: {fileID: 11500000, guid: d23522e39700a824babe73b21452df8b, type: 3}
  m_Name: 
  m_EditorClassIdentifier: 
  orientation: {fileID: 1491618800}
  xRot: 0
  yRot: 0
  camSens: 800
--- !u!114 &1177287140
MonoBehaviour:
  m_ObjectHideFlags: 0
  m_CorrespondingSourceObject: {fileID: 0}
  m_PrefabInstance: {fileID: 0}
  m_PrefabAsset: {fileID: 0}
  m_GameObject: {fileID: 0}
  m_Enabled: 1
  m_EditorHideFlags: 0
  m_Script: {fileID: 11500000, guid: 3ea8e27e8c73266459bfbd2470a9f761, type: 3}
  m_Name: cht_city2(Clone)
  m_EditorClassIdentifier: 
  id: 2
  prefab: {fileID: 8162063271313489815, guid: 0a277e6ada5fcf1489d30fa998012a1a, type: 3}
  weight: 1
  uniqueRotations: 6
  minElevation: 0
  maxElevation: 0
  currentElevation: 0
  sideBorders:
  - borderData: {fileID: 11400000, guid: dd024c17d4d3ad943910c407b6e5d1b0, type: 2}
    relativeElevation: 0
  - borderData: {fileID: 11400000, guid: db922ac51c8a9e748a01c7215614d23f, type: 2}
    relativeElevation: 0
  - borderData: {fileID: 11400000, guid: db922ac51c8a9e748a01c7215614d23f, type: 2}
    relativeElevation: 0
  - borderData: {fileID: 11400000, guid: dd024c17d4d3ad943910c407b6e5d1b0, type: 2}
    relativeElevation: 0
  - borderData: {fileID: 11400000, guid: dd024c17d4d3ad943910c407b6e5d1b0, type: 2}
    relativeElevation: 0
  - borderData: {fileID: 11400000, guid: dd024c17d4d3ad943910c407b6e5d1b0, type: 2}
    relativeElevation: 0
  verticalBorder:
    vertBorderData: {fileID: 0}
    offset: {x: 0, y: 0, z: 0}
  group:
    id: 0
    layerID: 0
    groupName: all
    tiles:
      tiles:
      - {fileID: 11400000, guid: 999c90c7dd9b66144a4252ce6837b791, type: 2}
      - {fileID: 11400000, guid: 6ade4501e206b8b43921adeb17394564, type: 2}
      - {fileID: 11400000, guid: bf177768f3baff946a0be56a5c978923, type: 2}
      - {fileID: 11400000, guid: ee3ca6feb0cf3d5499a15c54a9a8c862, type: 2}
      - {fileID: 11400000, guid: ff9846b5f5afd6940b1f1ec39002e7a1, type: 2}
  currentRotation: 1
--- !u!114 &1204817785
MonoBehaviour:
  m_ObjectHideFlags: 0
  m_CorrespondingSourceObject: {fileID: 0}
  m_PrefabInstance: {fileID: 0}
  m_PrefabAsset: {fileID: 0}
  m_GameObject: {fileID: 0}
  m_Enabled: 1
  m_EditorHideFlags: 0
  m_Script: {fileID: 11500000, guid: 3ea8e27e8c73266459bfbd2470a9f761, type: 3}
  m_Name: cht_city3(Clone)
  m_EditorClassIdentifier: 
  id: 10
  prefab: {fileID: 8162063271313489815, guid: dc2d0c2f93a3ca847a9070b57d232f74, type: 3}
  weight: 1
  uniqueRotations: 6
  minElevation: 0
  maxElevation: 0
  currentElevation: 0
  sideBorders:
  - borderData: {fileID: 11400000, guid: dd024c17d4d3ad943910c407b6e5d1b0, type: 2}
    relativeElevation: 0
  - borderData: {fileID: 11400000, guid: dd024c17d4d3ad943910c407b6e5d1b0, type: 2}
    relativeElevation: 0
  - borderData: {fileID: 11400000, guid: dd024c17d4d3ad943910c407b6e5d1b0, type: 2}
    relativeElevation: 0
  - borderData: {fileID: 11400000, guid: db922ac51c8a9e748a01c7215614d23f, type: 2}
    relativeElevation: 0
  - borderData: {fileID: 11400000, guid: db922ac51c8a9e748a01c7215614d23f, type: 2}
    relativeElevation: 0
  - borderData: {fileID: 11400000, guid: db922ac51c8a9e748a01c7215614d23f, type: 2}
    relativeElevation: 0
  verticalBorder:
    vertBorderData: {fileID: 0}
    offset: {x: 0, y: 0, z: 0}
  group:
    id: 0
    layerID: 0
    groupName: all
    tiles:
      tiles:
      - {fileID: 11400000, guid: 999c90c7dd9b66144a4252ce6837b791, type: 2}
      - {fileID: 11400000, guid: 6ade4501e206b8b43921adeb17394564, type: 2}
      - {fileID: 11400000, guid: bf177768f3baff946a0be56a5c978923, type: 2}
      - {fileID: 11400000, guid: ee3ca6feb0cf3d5499a15c54a9a8c862, type: 2}
      - {fileID: 11400000, guid: ff9846b5f5afd6940b1f1ec39002e7a1, type: 2}
  currentRotation: 3
--- !u!1 &1288606471
GameObject:
  m_ObjectHideFlags: 0
  m_CorrespondingSourceObject: {fileID: 0}
  m_PrefabInstance: {fileID: 0}
  m_PrefabAsset: {fileID: 0}
  serializedVersion: 6
  m_Component:
  - component: {fileID: 1288606479}
  - component: {fileID: 1288606478}
  - component: {fileID: 1288606477}
  - component: {fileID: 1288606476}
  - component: {fileID: 1288606475}
  - component: {fileID: 1288606474}
  - component: {fileID: 1288606473}
  - component: {fileID: 1288606472}
  - component: {fileID: 1288606480}
  m_Layer: 0
  m_Name: Tile System
  m_TagString: Untagged
  m_Icon: {fileID: 0}
  m_NavMeshLayer: 0
  m_StaticEditorFlags: 0
  m_IsActive: 1
--- !u!114 &1288606472
MonoBehaviour:
  m_ObjectHideFlags: 0
  m_CorrespondingSourceObject: {fileID: 0}
  m_PrefabInstance: {fileID: 0}
  m_PrefabAsset: {fileID: 0}
  m_GameObject: {fileID: 1288606471}
  m_Enabled: 1
  m_EditorHideFlags: 0
  m_Script: {fileID: 11500000, guid: 837d309a329542bb9b8393c09fd17c50, type: 3}
  m_Name: 
  m_EditorClassIdentifier: 
  debugTile: {fileID: 0}
  emptyTileLayer: {fileID: 0}
  tileFrequencyCompensation: 0
  tileRotationCompensation: 1
  checkDistance: 10
  checkIterations: 100
  elevationMismatchPenalty: 5
  reportConflicts: 1
--- !u!114 &1288606473
MonoBehaviour:
  m_ObjectHideFlags: 0
  m_CorrespondingSourceObject: {fileID: 0}
  m_PrefabInstance: {fileID: 0}
  m_PrefabAsset: {fileID: 0}
  m_GameObject: {fileID: 1288606471}
  m_Enabled: 1
  m_EditorHideFlags: 0
  m_Script: {fileID: 11500000, guid: 20ddbccd3881ecb4391fc7ca3dc99b06, type: 3}
  m_Name: 
  m_EditorClassIdentifier: 
  referencePoint: {fileID: 22257443}
  activateTilesPerFrame: 25
  elevationOffsetCoefficient: 1
  tileSize: 3.962
--- !u!114 &1288606474
MonoBehaviour:
  m_ObjectHideFlags: 0
  m_CorrespondingSourceObject: {fileID: 0}
  m_PrefabInstance: {fileID: 0}
  m_PrefabAsset: {fileID: 0}
  m_GameObject: {fileID: 1288606471}
  m_Enabled: 1
  m_EditorHideFlags: 0
  m_Script: {fileID: 11500000, guid: 6192cfd967a00614b9ab221520ab7ff6, type: 3}
  m_Name: 
  m_EditorClassIdentifier: 
  maximumSteps: 1000
  maxHeightUp: 1
  maxHeightDown: -1
  nonGeneratedIsTraversable: 0
--- !u!114 &1288606475
MonoBehaviour:
  m_ObjectHideFlags: 0
  m_CorrespondingSourceObject: {fileID: 0}
  m_PrefabInstance: {fileID: 0}
  m_PrefabAsset: {fileID: 0}
  m_GameObject: {fileID: 1288606471}
  m_Enabled: 1
  m_EditorHideFlags: 0
  m_Script: {fileID: 11500000, guid: 1cac2418f37fb2a42b25d5a9c3d56504, type: 3}
  m_Name: 
  m_EditorClassIdentifier: 
  showGizmosInRange: 10
  prefferedTileGroups:
    elements: []
  prefferedTileIDs:
    elements: []
  prefferedTileElevations:
    elements: []
  showedInitialTiles:
    elements: []
--- !u!114 &1288606476
MonoBehaviour:
  m_ObjectHideFlags: 0
  m_CorrespondingSourceObject: {fileID: 0}
  m_PrefabInstance: {fileID: 0}
  m_PrefabAsset: {fileID: 0}
  m_GameObject: {fileID: 1288606471}
  m_Enabled: 1
  m_EditorHideFlags: 0
  m_Script: {fileID: 11500000, guid: 7417e4d3206d2ad4fb7b8b512330a634, type: 3}
  m_Name: 
  m_EditorClassIdentifier: 
  resetOnStart: 1
--- !u!114 &1288606477
MonoBehaviour:
  m_ObjectHideFlags: 0
  m_CorrespondingSourceObject: {fileID: 0}
  m_PrefabInstance: {fileID: 0}
  m_PrefabAsset: {fileID: 0}
  m_GameObject: {fileID: 1288606471}
  m_Enabled: 1
  m_EditorHideFlags: 0
  m_Script: {fileID: 11500000, guid: 00a2ee37997b44f4aa565cb1fdec0496, type: 3}
  m_Name: 
  m_EditorClassIdentifier: 
  resetOnStart: 1
--- !u!114 &1288606478
MonoBehaviour:
  m_ObjectHideFlags: 0
  m_CorrespondingSourceObject: {fileID: 0}
  m_PrefabInstance: {fileID: 0}
  m_PrefabAsset: {fileID: 0}
  m_GameObject: {fileID: 1288606471}
  m_Enabled: 1
  m_EditorHideFlags: 0
  m_Script: {fileID: 11500000, guid: 3d268a4825eebb34c91278e93f1463a9, type: 3}
  m_Name: 
  m_EditorClassIdentifier: 
  tileMapName: carcassonneHexagonal
  loadDistance: 10
  generateTilesPerFrame: 10
  mainLayerGroups:
  - id: 0
    layerID: 0
    groupName: all
    tiles:
      tiles:
      - {fileID: 11400000, guid: 999c90c7dd9b66144a4252ce6837b791, type: 2}
      - {fileID: 11400000, guid: 6ade4501e206b8b43921adeb17394564, type: 2}
      - {fileID: 11400000, guid: bf177768f3baff946a0be56a5c978923, type: 2}
      - {fileID: 11400000, guid: ee3ca6feb0cf3d5499a15c54a9a8c862, type: 2}
      - {fileID: 11400000, guid: ff9846b5f5afd6940b1f1ec39002e7a1, type: 2}
  additionalLayers: []
  mainLayerTileList:
    tiles:
    - {fileID: 1020838373}
    - {fileID: 2050477630}
    - {fileID: 1177287140}
    - {fileID: 2076767609}
    - {fileID: 1650756020}
    - {fileID: 2094538496}
    - {fileID: 628295081}
    - {fileID: 1646228820}
    - {fileID: 1325009668}
    - {fileID: 1355887723}
    - {fileID: 1204817785}
    - {fileID: 1777903137}
    - {fileID: 267528437}
    - {fileID: 1433947597}
    - {fileID: 173316693}
    - {fileID: 1471556425}
    - {fileID: 892202936}
    - {fileID: 991731191}
    - {fileID: 504919278}
    - {fileID: 1357272063}
  additionalLayerList: []
--- !u!4 &1288606479
Transform:
  m_ObjectHideFlags: 0
  m_CorrespondingSourceObject: {fileID: 0}
  m_PrefabInstance: {fileID: 0}
  m_PrefabAsset: {fileID: 0}
  m_GameObject: {fileID: 1288606471}
  m_LocalRotation: {x: 0, y: 0, z: 0, w: 1}
  m_LocalPosition: {x: 0, y: 0, z: 0}
  m_LocalScale: {x: 1, y: 1, z: 1}
  m_ConstrainProportionsScale: 0
  m_Children:
  - {fileID: 1914735309}
  m_Father: {fileID: 0}
  m_RootOrder: 3
  m_LocalEulerAnglesHint: {x: 0, y: 0, z: 0}
--- !u!114 &1288606480
MonoBehaviour:
  m_ObjectHideFlags: 0
  m_CorrespondingSourceObject: {fileID: 0}
  m_PrefabInstance: {fileID: 0}
  m_PrefabAsset: {fileID: 0}
  m_GameObject: {fileID: 1288606471}
  m_Enabled: 1
  m_EditorHideFlags: 0
  m_Script: {fileID: 11500000, guid: b64b0d8c810ef284c9757e8142627900, type: 3}
  m_Name: 
  m_EditorClassIdentifier: 
  showGizmosInRange: 10
  allGroupSettings:
  - {fileID: 1941391296}
  groupWidthScale: 1
  groupHeightScale: 1
  randomOffset: 1
--- !u!114 &1325009668
MonoBehaviour:
  m_ObjectHideFlags: 0
  m_CorrespondingSourceObject: {fileID: 0}
  m_PrefabInstance: {fileID: 0}
  m_PrefabAsset: {fileID: 0}
  m_GameObject: {fileID: 0}
  m_Enabled: 1
  m_EditorHideFlags: 0
  m_Script: {fileID: 11500000, guid: 3ea8e27e8c73266459bfbd2470a9f761, type: 3}
  m_Name: cht_city3(Clone)
  m_EditorClassIdentifier: 
  id: 8
  prefab: {fileID: 8162063271313489815, guid: dc2d0c2f93a3ca847a9070b57d232f74, type: 3}
  weight: 1
  uniqueRotations: 6
  minElevation: 0
  maxElevation: 0
  currentElevation: 0
  sideBorders:
  - borderData: {fileID: 11400000, guid: dd024c17d4d3ad943910c407b6e5d1b0, type: 2}
    relativeElevation: 0
  - borderData: {fileID: 11400000, guid: db922ac51c8a9e748a01c7215614d23f, type: 2}
    relativeElevation: 0
  - borderData: {fileID: 11400000, guid: db922ac51c8a9e748a01c7215614d23f, type: 2}
    relativeElevation: 0
  - borderData: {fileID: 11400000, guid: db922ac51c8a9e748a01c7215614d23f, type: 2}
    relativeElevation: 0
  - borderData: {fileID: 11400000, guid: dd024c17d4d3ad943910c407b6e5d1b0, type: 2}
    relativeElevation: 0
  - borderData: {fileID: 11400000, guid: dd024c17d4d3ad943910c407b6e5d1b0, type: 2}
    relativeElevation: 0
  verticalBorder:
    vertBorderData: {fileID: 0}
    offset: {x: 0, y: 0, z: 0}
  group:
    id: 0
    layerID: 0
    groupName: all
    tiles:
      tiles:
      - {fileID: 11400000, guid: 999c90c7dd9b66144a4252ce6837b791, type: 2}
      - {fileID: 11400000, guid: 6ade4501e206b8b43921adeb17394564, type: 2}
      - {fileID: 11400000, guid: bf177768f3baff946a0be56a5c978923, type: 2}
      - {fileID: 11400000, guid: ee3ca6feb0cf3d5499a15c54a9a8c862, type: 2}
      - {fileID: 11400000, guid: ff9846b5f5afd6940b1f1ec39002e7a1, type: 2}
  currentRotation: 1
--- !u!114 &1355887723
MonoBehaviour:
  m_ObjectHideFlags: 0
  m_CorrespondingSourceObject: {fileID: 0}
  m_PrefabInstance: {fileID: 0}
  m_PrefabAsset: {fileID: 0}
  m_GameObject: {fileID: 0}
  m_Enabled: 1
  m_EditorHideFlags: 0
  m_Script: {fileID: 11500000, guid: 3ea8e27e8c73266459bfbd2470a9f761, type: 3}
  m_Name: cht_city3(Clone)
  m_EditorClassIdentifier: 
  id: 9
  prefab: {fileID: 8162063271313489815, guid: dc2d0c2f93a3ca847a9070b57d232f74, type: 3}
  weight: 1
  uniqueRotations: 6
  minElevation: 0
  maxElevation: 0
  currentElevation: 0
  sideBorders:
  - borderData: {fileID: 11400000, guid: dd024c17d4d3ad943910c407b6e5d1b0, type: 2}
    relativeElevation: 0
  - borderData: {fileID: 11400000, guid: dd024c17d4d3ad943910c407b6e5d1b0, type: 2}
    relativeElevation: 0
  - borderData: {fileID: 11400000, guid: db922ac51c8a9e748a01c7215614d23f, type: 2}
    relativeElevation: 0
  - borderData: {fileID: 11400000, guid: db922ac51c8a9e748a01c7215614d23f, type: 2}
    relativeElevation: 0
  - borderData: {fileID: 11400000, guid: db922ac51c8a9e748a01c7215614d23f, type: 2}
    relativeElevation: 0
  - borderData: {fileID: 11400000, guid: dd024c17d4d3ad943910c407b6e5d1b0, type: 2}
    relativeElevation: 0
  verticalBorder:
    vertBorderData: {fileID: 0}
    offset: {x: 0, y: 0, z: 0}
  group:
    id: 0
    layerID: 0
    groupName: all
    tiles:
      tiles:
      - {fileID: 11400000, guid: 999c90c7dd9b66144a4252ce6837b791, type: 2}
      - {fileID: 11400000, guid: 6ade4501e206b8b43921adeb17394564, type: 2}
      - {fileID: 11400000, guid: bf177768f3baff946a0be56a5c978923, type: 2}
      - {fileID: 11400000, guid: ee3ca6feb0cf3d5499a15c54a9a8c862, type: 2}
      - {fileID: 11400000, guid: ff9846b5f5afd6940b1f1ec39002e7a1, type: 2}
  currentRotation: 2
--- !u!114 &1357272063
MonoBehaviour:
  m_ObjectHideFlags: 0
  m_CorrespondingSourceObject: {fileID: 0}
  m_PrefabInstance: {fileID: 0}
  m_PrefabAsset: {fileID: 0}
  m_GameObject: {fileID: 0}
  m_Enabled: 1
  m_EditorHideFlags: 0
  m_Script: {fileID: 11500000, guid: 3ea8e27e8c73266459bfbd2470a9f761, type: 3}
  m_Name: cht_city(Clone)
  m_EditorClassIdentifier: 
  id: 19
  prefab: {fileID: 8162063271313489815, guid: fa229b9fff8f90d43870c690e6eb04fc, type: 3}
  weight: 1
  uniqueRotations: 1
  minElevation: 0
  maxElevation: 0
  currentElevation: 0
  sideBorders:
  - borderData: {fileID: 11400000, guid: db922ac51c8a9e748a01c7215614d23f, type: 2}
    relativeElevation: 0
  - borderData: {fileID: 11400000, guid: db922ac51c8a9e748a01c7215614d23f, type: 2}
    relativeElevation: 0
  - borderData: {fileID: 11400000, guid: db922ac51c8a9e748a01c7215614d23f, type: 2}
    relativeElevation: 0
  - borderData: {fileID: 11400000, guid: db922ac51c8a9e748a01c7215614d23f, type: 2}
    relativeElevation: 0
  - borderData: {fileID: 11400000, guid: db922ac51c8a9e748a01c7215614d23f, type: 2}
    relativeElevation: 0
  - borderData: {fileID: 11400000, guid: db922ac51c8a9e748a01c7215614d23f, type: 2}
    relativeElevation: 0
  verticalBorder:
    vertBorderData: {fileID: 0}
    offset: {x: 0, y: 0, z: 0}
  group:
    id: 0
    layerID: 0
    groupName: all
    tiles:
      tiles:
      - {fileID: 11400000, guid: 999c90c7dd9b66144a4252ce6837b791, type: 2}
      - {fileID: 11400000, guid: 6ade4501e206b8b43921adeb17394564, type: 2}
      - {fileID: 11400000, guid: bf177768f3baff946a0be56a5c978923, type: 2}
      - {fileID: 11400000, guid: ee3ca6feb0cf3d5499a15c54a9a8c862, type: 2}
      - {fileID: 11400000, guid: ff9846b5f5afd6940b1f1ec39002e7a1, type: 2}
  currentRotation: 0
--- !u!114 &1433947597
MonoBehaviour:
  m_ObjectHideFlags: 0
  m_CorrespondingSourceObject: {fileID: 0}
  m_PrefabInstance: {fileID: 0}
  m_PrefabAsset: {fileID: 0}
  m_GameObject: {fileID: 0}
  m_Enabled: 1
  m_EditorHideFlags: 0
  m_Script: {fileID: 11500000, guid: 3ea8e27e8c73266459bfbd2470a9f761, type: 3}
  m_Name: cht_city4(Clone)
  m_EditorClassIdentifier: 
  id: 13
  prefab: {fileID: 8162063271313489815, guid: ffdde5d8d1aa3e54eb189291f966a534, type: 3}
  weight: 1
  uniqueRotations: 6
  minElevation: 0
  maxElevation: 0
  currentElevation: 0
  sideBorders:
  - borderData: {fileID: 11400000, guid: db922ac51c8a9e748a01c7215614d23f, type: 2}
    relativeElevation: 0
  - borderData: {fileID: 11400000, guid: db922ac51c8a9e748a01c7215614d23f, type: 2}
    relativeElevation: 0
  - borderData: {fileID: 11400000, guid: db922ac51c8a9e748a01c7215614d23f, type: 2}
    relativeElevation: 0
  - borderData: {fileID: 11400000, guid: db922ac51c8a9e748a01c7215614d23f, type: 2}
    relativeElevation: 0
  - borderData: {fileID: 11400000, guid: dd024c17d4d3ad943910c407b6e5d1b0, type: 2}
    relativeElevation: 0
  - borderData: {fileID: 11400000, guid: dd024c17d4d3ad943910c407b6e5d1b0, type: 2}
    relativeElevation: 0
  verticalBorder:
    vertBorderData: {fileID: 0}
    offset: {x: 0, y: 0, z: 0}
  group:
    id: 0
    layerID: 0
    groupName: all
    tiles:
      tiles:
      - {fileID: 11400000, guid: 999c90c7dd9b66144a4252ce6837b791, type: 2}
      - {fileID: 11400000, guid: 6ade4501e206b8b43921adeb17394564, type: 2}
      - {fileID: 11400000, guid: bf177768f3baff946a0be56a5c978923, type: 2}
      - {fileID: 11400000, guid: ee3ca6feb0cf3d5499a15c54a9a8c862, type: 2}
      - {fileID: 11400000, guid: ff9846b5f5afd6940b1f1ec39002e7a1, type: 2}
  currentRotation: 0
--- !u!114 &1471556425
MonoBehaviour:
  m_ObjectHideFlags: 0
  m_CorrespondingSourceObject: {fileID: 0}
  m_PrefabInstance: {fileID: 0}
  m_PrefabAsset: {fileID: 0}
  m_GameObject: {fileID: 0}
  m_Enabled: 1
  m_EditorHideFlags: 0
  m_Script: {fileID: 11500000, guid: 3ea8e27e8c73266459bfbd2470a9f761, type: 3}
  m_Name: cht_city4(Clone)
  m_EditorClassIdentifier: 
  id: 15
  prefab: {fileID: 8162063271313489815, guid: ffdde5d8d1aa3e54eb189291f966a534, type: 3}
  weight: 1
  uniqueRotations: 6
  minElevation: 0
  maxElevation: 0
  currentElevation: 0
  sideBorders:
  - borderData: {fileID: 11400000, guid: dd024c17d4d3ad943910c407b6e5d1b0, type: 2}
    relativeElevation: 0
  - borderData: {fileID: 11400000, guid: dd024c17d4d3ad943910c407b6e5d1b0, type: 2}
    relativeElevation: 0
  - borderData: {fileID: 11400000, guid: db922ac51c8a9e748a01c7215614d23f, type: 2}
    relativeElevation: 0
  - borderData: {fileID: 11400000, guid: db922ac51c8a9e748a01c7215614d23f, type: 2}
    relativeElevation: 0
  - borderData: {fileID: 11400000, guid: db922ac51c8a9e748a01c7215614d23f, type: 2}
    relativeElevation: 0
  - borderData: {fileID: 11400000, guid: db922ac51c8a9e748a01c7215614d23f, type: 2}
    relativeElevation: 0
  verticalBorder:
    vertBorderData: {fileID: 0}
    offset: {x: 0, y: 0, z: 0}
  group:
    id: 0
    layerID: 0
    groupName: all
    tiles:
      tiles:
      - {fileID: 11400000, guid: 999c90c7dd9b66144a4252ce6837b791, type: 2}
      - {fileID: 11400000, guid: 6ade4501e206b8b43921adeb17394564, type: 2}
      - {fileID: 11400000, guid: bf177768f3baff946a0be56a5c978923, type: 2}
      - {fileID: 11400000, guid: ee3ca6feb0cf3d5499a15c54a9a8c862, type: 2}
      - {fileID: 11400000, guid: ff9846b5f5afd6940b1f1ec39002e7a1, type: 2}
  currentRotation: 2
--- !u!1 &1491618799
GameObject:
  m_ObjectHideFlags: 0
  m_CorrespondingSourceObject: {fileID: 0}
  m_PrefabInstance: {fileID: 0}
  m_PrefabAsset: {fileID: 0}
  serializedVersion: 6
  m_Component:
  - component: {fileID: 1491618800}
  m_Layer: 0
  m_Name: Orientation
  m_TagString: Untagged
  m_Icon: {fileID: 0}
  m_NavMeshLayer: 0
  m_StaticEditorFlags: 0
  m_IsActive: 1
--- !u!4 &1491618800
Transform:
  m_ObjectHideFlags: 0
  m_CorrespondingSourceObject: {fileID: 0}
  m_PrefabInstance: {fileID: 0}
  m_PrefabAsset: {fileID: 0}
  m_GameObject: {fileID: 1491618799}
  m_LocalRotation: {x: 0, y: 0, z: 0, w: 1}
  m_LocalPosition: {x: 0, y: 0.7, z: 0}
  m_LocalScale: {x: 1, y: 1, z: 1}
  m_ConstrainProportionsScale: 0
  m_Children: []
  m_Father: {fileID: 22257443}
  m_RootOrder: 1
  m_LocalEulerAnglesHint: {x: 0, y: 0, z: 0}
--- !u!114 &1646228820
MonoBehaviour:
  m_ObjectHideFlags: 0
  m_CorrespondingSourceObject: {fileID: 0}
  m_PrefabInstance: {fileID: 0}
  m_PrefabAsset: {fileID: 0}
  m_GameObject: {fileID: 0}
  m_Enabled: 1
  m_EditorHideFlags: 0
  m_Script: {fileID: 11500000, guid: 3ea8e27e8c73266459bfbd2470a9f761, type: 3}
  m_Name: cht_city3(Clone)
  m_EditorClassIdentifier: 
  id: 7
  prefab: {fileID: 8162063271313489815, guid: dc2d0c2f93a3ca847a9070b57d232f74, type: 3}
  weight: 1
  uniqueRotations: 6
  minElevation: 0
  maxElevation: 0
  currentElevation: 0
  sideBorders:
  - borderData: {fileID: 11400000, guid: db922ac51c8a9e748a01c7215614d23f, type: 2}
    relativeElevation: 0
  - borderData: {fileID: 11400000, guid: db922ac51c8a9e748a01c7215614d23f, type: 2}
    relativeElevation: 0
  - borderData: {fileID: 11400000, guid: db922ac51c8a9e748a01c7215614d23f, type: 2}
    relativeElevation: 0
  - borderData: {fileID: 11400000, guid: dd024c17d4d3ad943910c407b6e5d1b0, type: 2}
    relativeElevation: 0
  - borderData: {fileID: 11400000, guid: dd024c17d4d3ad943910c407b6e5d1b0, type: 2}
    relativeElevation: 0
  - borderData: {fileID: 11400000, guid: dd024c17d4d3ad943910c407b6e5d1b0, type: 2}
    relativeElevation: 0
  verticalBorder:
    vertBorderData: {fileID: 0}
    offset: {x: 0, y: 0, z: 0}
  group:
    id: 0
    layerID: 0
    groupName: all
    tiles:
      tiles:
      - {fileID: 11400000, guid: 999c90c7dd9b66144a4252ce6837b791, type: 2}
      - {fileID: 11400000, guid: 6ade4501e206b8b43921adeb17394564, type: 2}
      - {fileID: 11400000, guid: bf177768f3baff946a0be56a5c978923, type: 2}
      - {fileID: 11400000, guid: ee3ca6feb0cf3d5499a15c54a9a8c862, type: 2}
      - {fileID: 11400000, guid: ff9846b5f5afd6940b1f1ec39002e7a1, type: 2}
  currentRotation: 0
--- !u!114 &1650756020
MonoBehaviour:
  m_ObjectHideFlags: 0
  m_CorrespondingSourceObject: {fileID: 0}
  m_PrefabInstance: {fileID: 0}
  m_PrefabAsset: {fileID: 0}
  m_GameObject: {fileID: 0}
  m_Enabled: 1
  m_EditorHideFlags: 0
  m_Script: {fileID: 11500000, guid: 3ea8e27e8c73266459bfbd2470a9f761, type: 3}
  m_Name: cht_city2(Clone)
  m_EditorClassIdentifier: 
  id: 4
  prefab: {fileID: 8162063271313489815, guid: 0a277e6ada5fcf1489d30fa998012a1a, type: 3}
  weight: 1
  uniqueRotations: 6
  minElevation: 0
  maxElevation: 0
  currentElevation: 0
  sideBorders:
  - borderData: {fileID: 11400000, guid: dd024c17d4d3ad943910c407b6e5d1b0, type: 2}
    relativeElevation: 0
  - borderData: {fileID: 11400000, guid: dd024c17d4d3ad943910c407b6e5d1b0, type: 2}
    relativeElevation: 0
  - borderData: {fileID: 11400000, guid: dd024c17d4d3ad943910c407b6e5d1b0, type: 2}
    relativeElevation: 0
  - borderData: {fileID: 11400000, guid: db922ac51c8a9e748a01c7215614d23f, type: 2}
    relativeElevation: 0
  - borderData: {fileID: 11400000, guid: db922ac51c8a9e748a01c7215614d23f, type: 2}
    relativeElevation: 0
  - borderData: {fileID: 11400000, guid: dd024c17d4d3ad943910c407b6e5d1b0, type: 2}
    relativeElevation: 0
  verticalBorder:
    vertBorderData: {fileID: 0}
    offset: {x: 0, y: 0, z: 0}
  group:
    id: 0
    layerID: 0
    groupName: all
    tiles:
      tiles:
      - {fileID: 11400000, guid: 999c90c7dd9b66144a4252ce6837b791, type: 2}
      - {fileID: 11400000, guid: 6ade4501e206b8b43921adeb17394564, type: 2}
      - {fileID: 11400000, guid: bf177768f3baff946a0be56a5c978923, type: 2}
      - {fileID: 11400000, guid: ee3ca6feb0cf3d5499a15c54a9a8c862, type: 2}
      - {fileID: 11400000, guid: ff9846b5f5afd6940b1f1ec39002e7a1, type: 2}
  currentRotation: 3
--- !u!114 &1777903137
MonoBehaviour:
  m_ObjectHideFlags: 0
  m_CorrespondingSourceObject: {fileID: 0}
  m_PrefabInstance: {fileID: 0}
  m_PrefabAsset: {fileID: 0}
  m_GameObject: {fileID: 0}
  m_Enabled: 1
  m_EditorHideFlags: 0
  m_Script: {fileID: 11500000, guid: 3ea8e27e8c73266459bfbd2470a9f761, type: 3}
  m_Name: cht_city3(Clone)
  m_EditorClassIdentifier: 
  id: 11
  prefab: {fileID: 8162063271313489815, guid: dc2d0c2f93a3ca847a9070b57d232f74, type: 3}
  weight: 1
  uniqueRotations: 6
  minElevation: 0
  maxElevation: 0
  currentElevation: 0
  sideBorders:
  - borderData: {fileID: 11400000, guid: db922ac51c8a9e748a01c7215614d23f, type: 2}
    relativeElevation: 0
  - borderData: {fileID: 11400000, guid: dd024c17d4d3ad943910c407b6e5d1b0, type: 2}
    relativeElevation: 0
  - borderData: {fileID: 11400000, guid: dd024c17d4d3ad943910c407b6e5d1b0, type: 2}
    relativeElevation: 0
  - borderData: {fileID: 11400000, guid: dd024c17d4d3ad943910c407b6e5d1b0, type: 2}
    relativeElevation: 0
  - borderData: {fileID: 11400000, guid: db922ac51c8a9e748a01c7215614d23f, type: 2}
    relativeElevation: 0
  - borderData: {fileID: 11400000, guid: db922ac51c8a9e748a01c7215614d23f, type: 2}
    relativeElevation: 0
  verticalBorder:
    vertBorderData: {fileID: 0}
    offset: {x: 0, y: 0, z: 0}
  group:
    id: 0
    layerID: 0
    groupName: all
    tiles:
      tiles:
      - {fileID: 11400000, guid: 999c90c7dd9b66144a4252ce6837b791, type: 2}
      - {fileID: 11400000, guid: 6ade4501e206b8b43921adeb17394564, type: 2}
      - {fileID: 11400000, guid: bf177768f3baff946a0be56a5c978923, type: 2}
      - {fileID: 11400000, guid: ee3ca6feb0cf3d5499a15c54a9a8c862, type: 2}
      - {fileID: 11400000, guid: ff9846b5f5afd6940b1f1ec39002e7a1, type: 2}
  currentRotation: 4
--- !u!1 &1827626073
GameObject:
  m_ObjectHideFlags: 0
  m_CorrespondingSourceObject: {fileID: 0}
  m_PrefabInstance: {fileID: 0}
  m_PrefabAsset: {fileID: 0}
  serializedVersion: 6
  m_Component:
  - component: {fileID: 1827626074}
  - component: {fileID: 1827626075}
  m_Layer: 0
  m_Name: CamHolder
  m_TagString: Untagged
  m_Icon: {fileID: 0}
  m_NavMeshLayer: 0
  m_StaticEditorFlags: 0
  m_IsActive: 1
--- !u!4 &1827626074
Transform:
  m_ObjectHideFlags: 0
  m_CorrespondingSourceObject: {fileID: 0}
  m_PrefabInstance: {fileID: 0}
  m_PrefabAsset: {fileID: 0}
  m_GameObject: {fileID: 1827626073}
  m_LocalRotation: {x: 0, y: 0, z: 0, w: 1}
  m_LocalPosition: {x: 0, y: 0, z: 0}
  m_LocalScale: {x: 1, y: 1, z: 1}
  m_ConstrainProportionsScale: 0
  m_Children:
  - {fileID: 1033667702}
  m_Father: {fileID: 0}
  m_RootOrder: 1
  m_LocalEulerAnglesHint: {x: 0, y: 0, z: 0}
--- !u!114 &1827626075
MonoBehaviour:
  m_ObjectHideFlags: 0
  m_CorrespondingSourceObject: {fileID: 0}
  m_PrefabInstance: {fileID: 0}
  m_PrefabAsset: {fileID: 0}
  m_GameObject: {fileID: 1827626073}
  m_Enabled: 1
  m_EditorHideFlags: 0
  m_Script: {fileID: 11500000, guid: 11a5e0fd1d7c8eb4386f72088dd192e0, type: 3}
  m_Name: 
  m_EditorClassIdentifier: 
  t: {fileID: 1491618800}
--- !u!1 &1914735308
GameObject:
  m_ObjectHideFlags: 0
  m_CorrespondingSourceObject: {fileID: 0}
  m_PrefabInstance: {fileID: 0}
  m_PrefabAsset: {fileID: 0}
  serializedVersion: 6
  m_Component:
  - component: {fileID: 1914735309}
  m_Layer: 0
  m_Name: TileMap
  m_TagString: Untagged
  m_Icon: {fileID: 0}
  m_NavMeshLayer: 0
  m_StaticEditorFlags: 0
  m_IsActive: 1
--- !u!4 &1914735309
Transform:
  m_ObjectHideFlags: 0
  m_CorrespondingSourceObject: {fileID: 0}
  m_PrefabInstance: {fileID: 0}
  m_PrefabAsset: {fileID: 0}
  m_GameObject: {fileID: 1914735308}
  m_LocalRotation: {x: 0, y: 0, z: 0, w: 1}
  m_LocalPosition: {x: 0, y: 0, z: 0}
  m_LocalScale: {x: 1, y: 1, z: 1}
  m_ConstrainProportionsScale: 0
  m_Children: []
  m_Father: {fileID: 1288606479}
  m_RootOrder: 0
  m_LocalEulerAnglesHint: {x: 0, y: 0, z: 0}
--- !u!114 &1941391296
MonoBehaviour:
  m_ObjectHideFlags: 0
  m_CorrespondingSourceObject: {fileID: 0}
  m_PrefabInstance: {fileID: 0}
  m_PrefabAsset: {fileID: 0}
  m_GameObject: {fileID: 0}
  m_Enabled: 1
  m_EditorHideFlags: 0
  m_Script: {fileID: 11500000, guid: 3d7929f67d9886d4e8f8f0f7dd90922d, type: 3}
  m_Name: Group all (5 tiles)
  m_EditorClassIdentifier: 
  relevantGroup:
    id: 0
    layerID: 0
    groupName: all
    tiles:
      tiles:
      - {fileID: 11400000, guid: 999c90c7dd9b66144a4252ce6837b791, type: 2}
      - {fileID: 11400000, guid: 6ade4501e206b8b43921adeb17394564, type: 2}
      - {fileID: 11400000, guid: bf177768f3baff946a0be56a5c978923, type: 2}
      - {fileID: 11400000, guid: ee3ca6feb0cf3d5499a15c54a9a8c862, type: 2}
      - {fileID: 11400000, guid: ff9846b5f5afd6940b1f1ec39002e7a1, type: 2}
  groupName: all
  groupID: 0
  gizmoColor: {r: 0.5, g: 0.099999994, b: 0.099999994, a: 1}
--- !u!114 &2050477630
MonoBehaviour:
  m_ObjectHideFlags: 0
  m_CorrespondingSourceObject: {fileID: 0}
  m_PrefabInstance: {fileID: 0}
  m_PrefabAsset: {fileID: 0}
  m_GameObject: {fileID: 0}
  m_Enabled: 1
  m_EditorHideFlags: 0
  m_Script: {fileID: 11500000, guid: 3ea8e27e8c73266459bfbd2470a9f761, type: 3}
  m_Name: cht_city2(Clone)
  m_EditorClassIdentifier: 
  id: 1
  prefab: {fileID: 8162063271313489815, guid: 0a277e6ada5fcf1489d30fa998012a1a, type: 3}
  weight: 1
  uniqueRotations: 6
  minElevation: 0
  maxElevation: 0
  currentElevation: 0
  sideBorders:
  - borderData: {fileID: 11400000, guid: db922ac51c8a9e748a01c7215614d23f, type: 2}
    relativeElevation: 0
  - borderData: {fileID: 11400000, guid: db922ac51c8a9e748a01c7215614d23f, type: 2}
    relativeElevation: 0
  - borderData: {fileID: 11400000, guid: dd024c17d4d3ad943910c407b6e5d1b0, type: 2}
    relativeElevation: 0
  - borderData: {fileID: 11400000, guid: dd024c17d4d3ad943910c407b6e5d1b0, type: 2}
    relativeElevation: 0
  - borderData: {fileID: 11400000, guid: dd024c17d4d3ad943910c407b6e5d1b0, type: 2}
    relativeElevation: 0
  - borderData: {fileID: 11400000, guid: dd024c17d4d3ad943910c407b6e5d1b0, type: 2}
    relativeElevation: 0
  verticalBorder:
    vertBorderData: {fileID: 0}
    offset: {x: 0, y: 0, z: 0}
  group:
    id: 0
    layerID: 0
    groupName: all
    tiles:
      tiles:
      - {fileID: 11400000, guid: 999c90c7dd9b66144a4252ce6837b791, type: 2}
      - {fileID: 11400000, guid: 6ade4501e206b8b43921adeb17394564, type: 2}
      - {fileID: 11400000, guid: bf177768f3baff946a0be56a5c978923, type: 2}
      - {fileID: 11400000, guid: ee3ca6feb0cf3d5499a15c54a9a8c862, type: 2}
      - {fileID: 11400000, guid: ff9846b5f5afd6940b1f1ec39002e7a1, type: 2}
  currentRotation: 0
--- !u!114 &2076767609
MonoBehaviour:
  m_ObjectHideFlags: 0
  m_CorrespondingSourceObject: {fileID: 0}
  m_PrefabInstance: {fileID: 0}
  m_PrefabAsset: {fileID: 0}
  m_GameObject: {fileID: 0}
  m_Enabled: 1
  m_EditorHideFlags: 0
  m_Script: {fileID: 11500000, guid: 3ea8e27e8c73266459bfbd2470a9f761, type: 3}
  m_Name: cht_city2(Clone)
  m_EditorClassIdentifier: 
  id: 3
  prefab: {fileID: 8162063271313489815, guid: 0a277e6ada5fcf1489d30fa998012a1a, type: 3}
  weight: 1
  uniqueRotations: 6
  minElevation: 0
  maxElevation: 0
  currentElevation: 0
  sideBorders:
  - borderData: {fileID: 11400000, guid: dd024c17d4d3ad943910c407b6e5d1b0, type: 2}
    relativeElevation: 0
  - borderData: {fileID: 11400000, guid: dd024c17d4d3ad943910c407b6e5d1b0, type: 2}
    relativeElevation: 0
  - borderData: {fileID: 11400000, guid: db922ac51c8a9e748a01c7215614d23f, type: 2}
    relativeElevation: 0
  - borderData: {fileID: 11400000, guid: db922ac51c8a9e748a01c7215614d23f, type: 2}
    relativeElevation: 0
  - borderData: {fileID: 11400000, guid: dd024c17d4d3ad943910c407b6e5d1b0, type: 2}
    relativeElevation: 0
  - borderData: {fileID: 11400000, guid: dd024c17d4d3ad943910c407b6e5d1b0, type: 2}
    relativeElevation: 0
  verticalBorder:
    vertBorderData: {fileID: 0}
    offset: {x: 0, y: 0, z: 0}
  group:
    id: 0
    layerID: 0
    groupName: all
    tiles:
      tiles:
      - {fileID: 11400000, guid: 999c90c7dd9b66144a4252ce6837b791, type: 2}
      - {fileID: 11400000, guid: 6ade4501e206b8b43921adeb17394564, type: 2}
      - {fileID: 11400000, guid: bf177768f3baff946a0be56a5c978923, type: 2}
      - {fileID: 11400000, guid: ee3ca6feb0cf3d5499a15c54a9a8c862, type: 2}
      - {fileID: 11400000, guid: ff9846b5f5afd6940b1f1ec39002e7a1, type: 2}
  currentRotation: 2
--- !u!114 &2094538496
MonoBehaviour:
  m_ObjectHideFlags: 0
  m_CorrespondingSourceObject: {fileID: 0}
  m_PrefabInstance: {fileID: 0}
  m_PrefabAsset: {fileID: 0}
  m_GameObject: {fileID: 0}
  m_Enabled: 1
  m_EditorHideFlags: 0
  m_Script: {fileID: 11500000, guid: 3ea8e27e8c73266459bfbd2470a9f761, type: 3}
  m_Name: cht_city2(Clone)
  m_EditorClassIdentifier: 
  id: 5
  prefab: {fileID: 8162063271313489815, guid: 0a277e6ada5fcf1489d30fa998012a1a, type: 3}
  weight: 1
  uniqueRotations: 6
  minElevation: 0
  maxElevation: 0
  currentElevation: 0
  sideBorders:
  - borderData: {fileID: 11400000, guid: dd024c17d4d3ad943910c407b6e5d1b0, type: 2}
    relativeElevation: 0
  - borderData: {fileID: 11400000, guid: dd024c17d4d3ad943910c407b6e5d1b0, type: 2}
    relativeElevation: 0
  - borderData: {fileID: 11400000, guid: dd024c17d4d3ad943910c407b6e5d1b0, type: 2}
    relativeElevation: 0
  - borderData: {fileID: 11400000, guid: dd024c17d4d3ad943910c407b6e5d1b0, type: 2}
    relativeElevation: 0
  - borderData: {fileID: 11400000, guid: db922ac51c8a9e748a01c7215614d23f, type: 2}
    relativeElevation: 0
  - borderData: {fileID: 11400000, guid: db922ac51c8a9e748a01c7215614d23f, type: 2}
    relativeElevation: 0
  verticalBorder:
    vertBorderData: {fileID: 0}
    offset: {x: 0, y: 0, z: 0}
  group:
    id: 0
    layerID: 0
    groupName: all
    tiles:
      tiles:
      - {fileID: 11400000, guid: 999c90c7dd9b66144a4252ce6837b791, type: 2}
      - {fileID: 11400000, guid: 6ade4501e206b8b43921adeb17394564, type: 2}
      - {fileID: 11400000, guid: bf177768f3baff946a0be56a5c978923, type: 2}
      - {fileID: 11400000, guid: ee3ca6feb0cf3d5499a15c54a9a8c862, type: 2}
      - {fileID: 11400000, guid: ff9846b5f5afd6940b1f1ec39002e7a1, type: 2}
  currentRotation: 4
--- !u!1 &6637614920363221542
GameObject:
  m_ObjectHideFlags: 0
  m_CorrespondingSourceObject: {fileID: 0}
  m_PrefabInstance: {fileID: 0}
  m_PrefabAsset: {fileID: 0}
  serializedVersion: 6
  m_Component:
  - component: {fileID: 6637614920363221543}
  - component: {fileID: 6637614920363221545}
  - component: {fileID: 6637614920363221544}
  m_Layer: 5
  m_Name: Text (TMP)
  m_TagString: Untagged
  m_Icon: {fileID: 0}
  m_NavMeshLayer: 0
  m_StaticEditorFlags: 0
  m_IsActive: 1
--- !u!224 &6637614920363221543
RectTransform:
  m_ObjectHideFlags: 0
  m_CorrespondingSourceObject: {fileID: 0}
  m_PrefabInstance: {fileID: 0}
  m_PrefabAsset: {fileID: 0}
  m_GameObject: {fileID: 6637614920363221542}
  m_LocalRotation: {x: 0, y: 0, z: 0, w: 1}
  m_LocalPosition: {x: 0, y: 0, z: 0}
  m_LocalScale: {x: 1, y: 1, z: 1}
  m_ConstrainProportionsScale: 0
  m_Children: []
  m_Father: {fileID: 6637614920425649222}
  m_RootOrder: 0
  m_LocalEulerAnglesHint: {x: 0, y: 0, z: 0}
  m_AnchorMin: {x: 0.2, y: 0}
  m_AnchorMax: {x: 0.8, y: 0.132342}
  m_AnchoredPosition: {x: 0, y: -23.2168}
  m_SizeDelta: {x: 0, y: -46.4336}
  m_Pivot: {x: 0.5, y: 0.5}
--- !u!114 &6637614920363221544
MonoBehaviour:
  m_ObjectHideFlags: 0
  m_CorrespondingSourceObject: {fileID: 0}
  m_PrefabInstance: {fileID: 0}
  m_PrefabAsset: {fileID: 0}
  m_GameObject: {fileID: 6637614920363221542}
  m_Enabled: 1
  m_EditorHideFlags: 0
  m_Script: {fileID: 11500000, guid: f4688fdb7df04437aeb418b961361dc5, type: 3}
  m_Name: 
  m_EditorClassIdentifier: 
  m_Material: {fileID: 0}
  m_Color: {r: 1, g: 1, b: 1, a: 1}
  m_RaycastTarget: 1
  m_RaycastPadding: {x: 0, y: 0, z: 0, w: 0}
  m_Maskable: 1
  m_OnCullStateChanged:
    m_PersistentCalls:
      m_Calls: []
  m_text: '.

    WASD,space,shift - move, E - boost, F - zoom, mouse - view'
  m_isRightToLeft: 0
  m_fontAsset: {fileID: 11400000, guid: 8f586378b4e144a9851e7b34d9b748ee, type: 2}
  m_sharedMaterial: {fileID: 2180264, guid: 8f586378b4e144a9851e7b34d9b748ee, type: 2}
  m_fontSharedMaterials: []
  m_fontMaterial: {fileID: 0}
  m_fontMaterials: []
  m_fontColor32:
    serializedVersion: 2
    rgba: 4294967295
  m_fontColor: {r: 1, g: 1, b: 1, a: 1}
  m_enableVertexGradient: 0
  m_colorMode: 3
  m_fontColorGradient:
    topLeft: {r: 1, g: 1, b: 1, a: 1}
    topRight: {r: 1, g: 1, b: 1, a: 1}
    bottomLeft: {r: 1, g: 1, b: 1, a: 1}
    bottomRight: {r: 1, g: 1, b: 1, a: 1}
  m_fontColorGradientPreset: {fileID: 0}
  m_spriteAsset: {fileID: 0}
  m_tintAllSprites: 0
  m_StyleSheet: {fileID: 0}
  m_TextStyleHashCode: -1183493901
  m_overrideHtmlColors: 0
  m_faceColor:
    serializedVersion: 2
    rgba: 4294967295
  m_fontSize: 9.9
  m_fontSizeBase: 36
  m_fontWeight: 400
  m_enableAutoSizing: 1
  m_fontSizeMin: 5
  m_fontSizeMax: 72
  m_fontStyle: 0
  m_HorizontalAlignment: 2
  m_VerticalAlignment: 512
  m_textAlignment: 65535
  m_characterSpacing: 0
  m_wordSpacing: 0
  m_lineSpacing: 0
  m_lineSpacingMax: 0
  m_paragraphSpacing: 0
  m_charWidthMaxAdj: 0
  m_enableWordWrapping: 1
  m_wordWrappingRatios: 0.4
  m_overflowMode: 0
  m_linkedTextComponent: {fileID: 0}
  parentLinkedComponent: {fileID: 0}
  m_enableKerning: 1
  m_enableExtraPadding: 0
  checkPaddingRequired: 0
  m_isRichText: 1
  m_parseCtrlCharacters: 1
  m_isOrthographic: 1
  m_isCullingEnabled: 0
  m_horizontalMapping: 0
  m_verticalMapping: 0
  m_uvLineOffset: 0
  m_geometrySortingOrder: 0
  m_IsTextObjectScaleStatic: 0
  m_VertexBufferAutoSizeReduction: 0
  m_useMaxVisibleDescender: 1
  m_pageToDisplay: 1
  m_margin: {x: 0, y: 0, z: 0, w: 0}
  m_isUsingLegacyAnimationComponent: 0
  m_isVolumetricText: 0
  m_hasFontAssetChanged: 0
  m_baseMaterial: {fileID: 0}
  m_maskOffset: {x: 0, y: 0, z: 0, w: 0}
--- !u!222 &6637614920363221545
CanvasRenderer:
  m_ObjectHideFlags: 0
  m_CorrespondingSourceObject: {fileID: 0}
  m_PrefabInstance: {fileID: 0}
  m_PrefabAsset: {fileID: 0}
  m_GameObject: {fileID: 6637614920363221542}
  m_CullTransparentMesh: 1
--- !u!1 &6637614920425649218
GameObject:
  m_ObjectHideFlags: 0
  m_CorrespondingSourceObject: {fileID: 0}
  m_PrefabInstance: {fileID: 0}
  m_PrefabAsset: {fileID: 0}
  serializedVersion: 6
  m_Component:
  - component: {fileID: 6637614920425649222}
  - component: {fileID: 6637614920425649221}
  - component: {fileID: 6637614920425649220}
  - component: {fileID: 6637614920425649219}
  m_Layer: 5
  m_Name: Hints
  m_TagString: Untagged
  m_Icon: {fileID: 0}
  m_NavMeshLayer: 0
  m_StaticEditorFlags: 0
  m_IsActive: 1
--- !u!114 &6637614920425649219
MonoBehaviour:
  m_ObjectHideFlags: 0
  m_CorrespondingSourceObject: {fileID: 0}
  m_PrefabInstance: {fileID: 0}
  m_PrefabAsset: {fileID: 0}
  m_GameObject: {fileID: 6637614920425649218}
  m_Enabled: 1
  m_EditorHideFlags: 0
  m_Script: {fileID: 11500000, guid: dc42784cf147c0c48a680349fa168899, type: 3}
  m_Name: 
  m_EditorClassIdentifier: 
  m_IgnoreReversedGraphics: 1
  m_BlockingObjects: 0
  m_BlockingMask:
    serializedVersion: 2
    m_Bits: 4294967295
--- !u!114 &6637614920425649220
MonoBehaviour:
  m_ObjectHideFlags: 0
  m_CorrespondingSourceObject: {fileID: 0}
  m_PrefabInstance: {fileID: 0}
  m_PrefabAsset: {fileID: 0}
  m_GameObject: {fileID: 6637614920425649218}
  m_Enabled: 1
  m_EditorHideFlags: 0
  m_Script: {fileID: 11500000, guid: 0cd44c1031e13a943bb63640046fad76, type: 3}
  m_Name: 
  m_EditorClassIdentifier: 
  m_UiScaleMode: 0
  m_ReferencePixelsPerUnit: 100
  m_ScaleFactor: 1
  m_ReferenceResolution: {x: 800, y: 600}
  m_ScreenMatchMode: 0
  m_MatchWidthOrHeight: 0
  m_PhysicalUnit: 3
  m_FallbackScreenDPI: 96
  m_DefaultSpriteDPI: 96
  m_DynamicPixelsPerUnit: 1
  m_PresetInfoIsWorld: 0
--- !u!223 &6637614920425649221
Canvas:
  m_ObjectHideFlags: 0
  m_CorrespondingSourceObject: {fileID: 0}
  m_PrefabInstance: {fileID: 0}
  m_PrefabAsset: {fileID: 0}
  m_GameObject: {fileID: 6637614920425649218}
  m_Enabled: 1
  serializedVersion: 3
  m_RenderMode: 0
  m_Camera: {fileID: 0}
  m_PlaneDistance: 100
  m_PixelPerfect: 0
  m_ReceivesEvents: 1
  m_OverrideSorting: 0
  m_OverridePixelPerfect: 0
  m_SortingBucketNormalizedSize: 0
  m_AdditionalShaderChannelsFlag: 25
  m_SortingLayerID: 0
  m_SortingOrder: 0
  m_TargetDisplay: 0
--- !u!224 &6637614920425649222
RectTransform:
  m_ObjectHideFlags: 0
  m_CorrespondingSourceObject: {fileID: 0}
  m_PrefabInstance: {fileID: 0}
  m_PrefabAsset: {fileID: 0}
  m_GameObject: {fileID: 6637614920425649218}
  m_LocalRotation: {x: 0, y: 0, z: 0, w: 1}
  m_LocalPosition: {x: 0, y: 0, z: 0}
  m_LocalScale: {x: 0, y: 0, z: 0}
  m_ConstrainProportionsScale: 0
  m_Children:
  - {fileID: 6637614920363221543}
  m_Father: {fileID: 0}
  m_RootOrder: 4
  m_LocalEulerAnglesHint: {x: 0, y: 0, z: 0}
  m_AnchorMin: {x: 0, y: 0}
  m_AnchorMax: {x: 0, y: 0}
  m_AnchoredPosition: {x: 0, y: 0}
  m_SizeDelta: {x: 0, y: 0}
  m_Pivot: {x: 0, y: 0}
