%YAML 1.1
%TAG !u! tag:unity3d.com,2011:
--- !u!29 &1
OcclusionCullingSettings:
  m_ObjectHideFlags: 0
  serializedVersion: 2
  m_OcclusionBakeSettings:
    smallestOccluder: 5
    smallestHole: 0.25
    backfaceThreshold: 100
  m_SceneGUID: 00000000000000000000000000000000
  m_OcclusionCullingData: {fileID: 0}
--- !u!104 &2
RenderSettings:
  m_ObjectHideFlags: 0
  serializedVersion: 9
  m_Fog: 0
  m_FogColor: {r: 0.5, g: 0.5, b: 0.5, a: 1}
  m_FogMode: 3
  m_FogDensity: 0.01
  m_LinearFogStart: 0
  m_LinearFogEnd: 300
  m_AmbientSkyColor: {r: 0.212, g: 0.227, b: 0.259, a: 1}
  m_AmbientEquatorColor: {r: 0.114, g: 0.125, b: 0.133, a: 1}
  m_AmbientGroundColor: {r: 0.047, g: 0.043, b: 0.035, a: 1}
  m_AmbientIntensity: 1
  m_AmbientMode: 0
  m_SubtractiveShadowColor: {r: 0.42, g: 0.478, b: 0.627, a: 1}
  m_SkyboxMaterial: {fileID: 10304, guid: 0000000000000000f000000000000000, type: 0}
  m_HaloStrength: 0.5
  m_FlareStrength: 1
  m_FlareFadeSpeed: 3
  m_HaloTexture: {fileID: 0}
  m_SpotCookie: {fileID: 10001, guid: 0000000000000000e000000000000000, type: 0}
  m_DefaultReflectionMode: 0
  m_DefaultReflectionResolution: 128
  m_ReflectionBounces: 1
  m_ReflectionIntensity: 1
  m_CustomReflection: {fileID: 0}
  m_Sun: {fileID: 0}
  m_IndirectSpecularColor: {r: 0.18028378, g: 0.22571412, b: 0.30692285, a: 1}
  m_UseRadianceAmbientProbe: 0
--- !u!157 &3
LightmapSettings:
  m_ObjectHideFlags: 0
  serializedVersion: 12
  m_GIWorkflowMode: 1
  m_GISettings:
    serializedVersion: 2
    m_BounceScale: 1
    m_IndirectOutputScale: 1
    m_AlbedoBoost: 1
    m_EnvironmentLightingMode: 0
    m_EnableBakedLightmaps: 1
    m_EnableRealtimeLightmaps: 0
  m_LightmapEditorSettings:
    serializedVersion: 12
    m_Resolution: 2
    m_BakeResolution: 40
    m_AtlasSize: 1024
    m_AO: 0
    m_AOMaxDistance: 1
    m_CompAOExponent: 1
    m_CompAOExponentDirect: 0
    m_ExtractAmbientOcclusion: 0
    m_Padding: 2
    m_LightmapParameters: {fileID: 0}
    m_LightmapsBakeMode: 1
    m_TextureCompression: 1
    m_FinalGather: 0
    m_FinalGatherFiltering: 1
    m_FinalGatherRayCount: 256
    m_ReflectionCompression: 2
    m_MixedBakeMode: 2
    m_BakeBackend: 1
    m_PVRSampling: 1
    m_PVRDirectSampleCount: 32
    m_PVRSampleCount: 512
    m_PVRBounces: 2
    m_PVREnvironmentSampleCount: 256
    m_PVREnvironmentReferencePointCount: 2048
    m_PVRFilteringMode: 1
    m_PVRDenoiserTypeDirect: 1
    m_PVRDenoiserTypeIndirect: 1
    m_PVRDenoiserTypeAO: 1
    m_PVRFilterTypeDirect: 0
    m_PVRFilterTypeIndirect: 0
    m_PVRFilterTypeAO: 0
    m_PVREnvironmentMIS: 1
    m_PVRCulling: 1
    m_PVRFilteringGaussRadiusDirect: 1
    m_PVRFilteringGaussRadiusIndirect: 5
    m_PVRFilteringGaussRadiusAO: 2
    m_PVRFilteringAtrousPositionSigmaDirect: 0.5
    m_PVRFilteringAtrousPositionSigmaIndirect: 2
    m_PVRFilteringAtrousPositionSigmaAO: 1
    m_ExportTrainingData: 0
    m_TrainingDataDestination: TrainingData
    m_LightProbeSampleCountMultiplier: 4
  m_LightingDataAsset: {fileID: 0}
  m_LightingSettings: {fileID: 0}
--- !u!196 &4
NavMeshSettings:
  serializedVersion: 2
  m_ObjectHideFlags: 0
  m_BuildSettings:
    serializedVersion: 2
    agentTypeID: 0
    agentRadius: 0.5
    agentHeight: 2
    agentSlope: 45
    agentClimb: 0.4
    ledgeDropHeight: 0
    maxJumpAcrossDistance: 0
    minRegionArea: 2
    manualCellSize: 0
    cellSize: 0.16666667
    manualTileSize: 0
    tileSize: 256
    accuratePlacement: 0
    maxJobWorkers: 0
    preserveTilesOutsideBounds: 0
    debug:
      m_Flags: 0
  m_NavMeshData: {fileID: 0}
--- !u!114 &10288742
MonoBehaviour:
  m_ObjectHideFlags: 0
  m_CorrespondingSourceObject: {fileID: 0}
  m_PrefabInstance: {fileID: 0}
  m_PrefabAsset: {fileID: 0}
  m_GameObject: {fileID: 0}
  m_Enabled: 1
  m_EditorHideFlags: 0
  m_Script: {fileID: 11500000, guid: 3ea8e27e8c73266459bfbd2470a9f761, type: 3}
  m_Name: mlShoreCorner1(Clone)
  m_EditorClassIdentifier: 
  id: 9
  prefab: {fileID: 1265174552070739859, guid: bee9a92778ed2e246a4ea863852bedde, type: 3}
  weight: 0
  uniqueRotations: 4
  minElevation: 0
  maxElevation: 0
  currentElevation: 0
  sideBorders:
  - borderData: {fileID: 11400000, guid: 0308c1a01bb5ce04084888969f60c198, type: 2}
    relativeElevation: 0
  - borderData: {fileID: 11400000, guid: 0308c1a01bb5ce04084888969f60c198, type: 2}
    relativeElevation: 0
  - borderData: {fileID: 11400000, guid: ca4c9ff2a5191f440860279cfebf2f03, type: 2}
    relativeElevation: 0
  - borderData: {fileID: 11400000, guid: 76f6e9b2d394b2445a659732d103cc6e, type: 2}
    relativeElevation: 0
  verticalBorder:
    vertBorderData: {fileID: 0}
    offset: {x: 0, y: 0, z: 0}
  group:
    id: 2
    layerID: 0
    groupName: misc
    tiles:
      tiles:
      - {fileID: 11400000, guid: 3ff46a1afcbab1f4ca4ff043b0b8307b, type: 2}
      - {fileID: 11400000, guid: 2e46d38f14f65794fa949b8fb7f59bd8, type: 2}
      - {fileID: 11400000, guid: 0083291a30beeb447a94161a494cbb90, type: 2}
  currentRotation: 3
--- !u!114 &90974809
MonoBehaviour:
  m_ObjectHideFlags: 0
  m_CorrespondingSourceObject: {fileID: 0}
  m_PrefabInstance: {fileID: 0}
  m_PrefabAsset: {fileID: 0}
  m_GameObject: {fileID: 0}
  m_Enabled: 1
  m_EditorHideFlags: 0
  m_Script: {fileID: 11500000, guid: 828b6a8d283248c78d63e019ca5a4f7b, type: 3}
  m_Name: Group mountain (1 tiles)
  m_EditorClassIdentifier: 
  relevantGroup:
    id: 0
    layerID: 0
    groupName: mountain
    tiles:
      tiles:
      - {fileID: 11400000, guid: d0318c272be68e54dbfc2d59b3df6c25, type: 2}
  groupName: mountain
  groupID: 0
  gizmoColor: {r: 1, g: 1, b: 1, a: 1}
  size: 8.17
  frequency: 0.88
  middleElevation: 0
  heightSpread: 0
  ruggedness: 0
  randomOffset: 17951
--- !u!114 &91444396
MonoBehaviour:
  m_ObjectHideFlags: 0
  m_CorrespondingSourceObject: {fileID: 0}
  m_PrefabInstance: {fileID: 0}
  m_PrefabAsset: {fileID: 0}
  m_GameObject: {fileID: 0}
  m_Enabled: 1
  m_EditorHideFlags: 0
  m_Script: {fileID: 11500000, guid: 3ea8e27e8c73266459bfbd2470a9f761, type: 3}
  m_Name: mlShoreCorner1(Clone)
  m_EditorClassIdentifier: 
  id: 7
  prefab: {fileID: 1265174552070739859, guid: bee9a92778ed2e246a4ea863852bedde, type: 3}
  weight: 0
  uniqueRotations: 4
  minElevation: 0
  maxElevation: 0
  currentElevation: 0
  sideBorders:
  - borderData: {fileID: 11400000, guid: ca4c9ff2a5191f440860279cfebf2f03, type: 2}
    relativeElevation: 0
  - borderData: {fileID: 11400000, guid: 76f6e9b2d394b2445a659732d103cc6e, type: 2}
    relativeElevation: 0
  - borderData: {fileID: 11400000, guid: 0308c1a01bb5ce04084888969f60c198, type: 2}
    relativeElevation: 0
  - borderData: {fileID: 11400000, guid: 0308c1a01bb5ce04084888969f60c198, type: 2}
    relativeElevation: 0
  verticalBorder:
    vertBorderData: {fileID: 0}
    offset: {x: 0, y: 0, z: 0}
  group:
    id: 2
    layerID: 0
    groupName: misc
    tiles:
      tiles:
      - {fileID: 11400000, guid: 3ff46a1afcbab1f4ca4ff043b0b8307b, type: 2}
      - {fileID: 11400000, guid: 2e46d38f14f65794fa949b8fb7f59bd8, type: 2}
      - {fileID: 11400000, guid: 0083291a30beeb447a94161a494cbb90, type: 2}
  currentRotation: 1
--- !u!114 &176743621
MonoBehaviour:
  m_ObjectHideFlags: 0
  m_CorrespondingSourceObject: {fileID: 0}
  m_PrefabInstance: {fileID: 0}
  m_PrefabAsset: {fileID: 0}
  m_GameObject: {fileID: 0}
  m_Enabled: 1
  m_EditorHideFlags: 0
  m_Script: {fileID: 11500000, guid: 828b6a8d283248c78d63e019ca5a4f7b, type: 3}
  m_Name: Group misc (3 tiles)
  m_EditorClassIdentifier: 
  relevantGroup:
    id: 2
    layerID: 0
    groupName: misc
    tiles:
      tiles:
      - {fileID: 11400000, guid: 3ff46a1afcbab1f4ca4ff043b0b8307b, type: 2}
      - {fileID: 11400000, guid: 2e46d38f14f65794fa949b8fb7f59bd8, type: 2}
      - {fileID: 11400000, guid: 0083291a30beeb447a94161a494cbb90, type: 2}
  groupName: misc
  groupID: 2
  gizmoColor: {r: 0.36492229, g: 0.5472136, b: 0.10944272, a: 1}
  size: 0
  frequency: 0
  middleElevation: 0
  heightSpread: 0
  ruggedness: 0
  randomOffset: 16060
--- !u!114 &183446039
MonoBehaviour:
  m_ObjectHideFlags: 0
  m_CorrespondingSourceObject: {fileID: 0}
  m_PrefabInstance: {fileID: 0}
  m_PrefabAsset: {fileID: 0}
  m_GameObject: {fileID: 0}
  m_Enabled: 1
  m_EditorHideFlags: 0
  m_Script: {fileID: 11500000, guid: 3ea8e27e8c73266459bfbd2470a9f761, type: 3}
  m_Name: mlShore(Clone)
  m_EditorClassIdentifier: 
  id: 4
  prefab: {fileID: 1265174552070739859, guid: 51ea084e2217af845b5a2c39a306acea, type: 3}
  weight: 0
  uniqueRotations: 4
  minElevation: 0
  maxElevation: 0
  currentElevation: 0
  sideBorders:
  - borderData: {fileID: 11400000, guid: 0308c1a01bb5ce04084888969f60c198, type: 2}
    relativeElevation: 0
  - borderData: {fileID: 11400000, guid: ca4c9ff2a5191f440860279cfebf2f03, type: 2}
    relativeElevation: 0
  - borderData: {fileID: 11400000, guid: 89e6136cf1e35c4439f8847f2da29d45, type: 2}
    relativeElevation: 0
  - borderData: {fileID: 11400000, guid: 76f6e9b2d394b2445a659732d103cc6e, type: 2}
    relativeElevation: 0
  verticalBorder:
    vertBorderData: {fileID: 0}
    offset: {x: 0, y: 0, z: 0}
  group:
    id: 2
    layerID: 0
    groupName: misc
    tiles:
      tiles:
      - {fileID: 11400000, guid: 3ff46a1afcbab1f4ca4ff043b0b8307b, type: 2}
      - {fileID: 11400000, guid: 2e46d38f14f65794fa949b8fb7f59bd8, type: 2}
      - {fileID: 11400000, guid: 0083291a30beeb447a94161a494cbb90, type: 2}
  currentRotation: 2
--- !u!114 &273536107
MonoBehaviour:
  m_ObjectHideFlags: 0
  m_CorrespondingSourceObject: {fileID: 0}
  m_PrefabInstance: {fileID: 0}
  m_PrefabAsset: {fileID: 0}
  m_GameObject: {fileID: 0}
  m_Enabled: 1
  m_EditorHideFlags: 0
  m_Script: {fileID: 11500000, guid: 3ea8e27e8c73266459bfbd2470a9f761, type: 3}
  m_Name: mlShoreCorner1(Clone)
  m_EditorClassIdentifier: 
  id: 8
  prefab: {fileID: 1265174552070739859, guid: bee9a92778ed2e246a4ea863852bedde, type: 3}
  weight: 0
  uniqueRotations: 4
  minElevation: 0
  maxElevation: 0
  currentElevation: 0
  sideBorders:
  - borderData: {fileID: 11400000, guid: 0308c1a01bb5ce04084888969f60c198, type: 2}
    relativeElevation: 0
  - borderData: {fileID: 11400000, guid: ca4c9ff2a5191f440860279cfebf2f03, type: 2}
    relativeElevation: 0
  - borderData: {fileID: 11400000, guid: 76f6e9b2d394b2445a659732d103cc6e, type: 2}
    relativeElevation: 0
  - borderData: {fileID: 11400000, guid: 0308c1a01bb5ce04084888969f60c198, type: 2}
    relativeElevation: 0
  verticalBorder:
    vertBorderData: {fileID: 0}
    offset: {x: 0, y: 0, z: 0}
  group:
    id: 2
    layerID: 0
    groupName: misc
    tiles:
      tiles:
      - {fileID: 11400000, guid: 3ff46a1afcbab1f4ca4ff043b0b8307b, type: 2}
      - {fileID: 11400000, guid: 2e46d38f14f65794fa949b8fb7f59bd8, type: 2}
      - {fileID: 11400000, guid: 0083291a30beeb447a94161a494cbb90, type: 2}
  currentRotation: 2
--- !u!114 &274850040
MonoBehaviour:
  m_ObjectHideFlags: 0
  m_CorrespondingSourceObject: {fileID: 0}
  m_PrefabInstance: {fileID: 0}
  m_PrefabAsset: {fileID: 0}
  m_GameObject: {fileID: 0}
  m_Enabled: 1
  m_EditorHideFlags: 0
  m_Script: {fileID: 11500000, guid: 3ea8e27e8c73266459bfbd2470a9f761, type: 3}
  m_Name: ml_Boat(Clone)
  m_EditorClassIdentifier: 
  id: 2
  prefab: {fileID: 8130717730323554852, guid: 751e47909de423c4d8e0765e12b68c0d, type: 3}
  weight: 0.218
  uniqueRotations: 4
  minElevation: 0
  maxElevation: 0
  currentElevation: 0
  sideBorders:
  - borderData: {fileID: 0}
    relativeElevation: 0
  - borderData: {fileID: 0}
    relativeElevation: 0
  - borderData: {fileID: 0}
    relativeElevation: 0
  - borderData: {fileID: 0}
    relativeElevation: 0
  verticalBorder:
    vertBorderData: {fileID: 11400000, guid: cf83f521d490b2d4fba36a2f07b75a32, type: 2}
    offset: {x: 0, y: 0, z: 0}
  group:
    id: 3
    layerID: 1
    groupName: Layer 0
    tiles:
      tiles:
      - {fileID: 11400000, guid: e75260f147bea83438a30026c8a5f89a, type: 2}
      - {fileID: 11400000, guid: 233421665cf0bb44a85dcaf1905cb44d, type: 2}
  currentRotation: 2
--- !u!114 &295735655
MonoBehaviour:
  m_ObjectHideFlags: 0
  m_CorrespondingSourceObject: {fileID: 0}
  m_PrefabInstance: {fileID: 0}
  m_PrefabAsset: {fileID: 0}
  m_GameObject: {fileID: 0}
  m_Enabled: 1
  m_EditorHideFlags: 0
  m_Script: {fileID: 11500000, guid: 3ea8e27e8c73266459bfbd2470a9f761, type: 3}
  m_Name: mlShoreCorner2(Clone)
  m_EditorClassIdentifier: 
  id: 11
  prefab: {fileID: 1265174552070739859, guid: 28a0ab4b1af0c0d4eb7ec32146602b4a, type: 3}
  weight: 0
  uniqueRotations: 4
  minElevation: 0
  maxElevation: 0
  currentElevation: 0
  sideBorders:
  - borderData: {fileID: 11400000, guid: ca4c9ff2a5191f440860279cfebf2f03, type: 2}
    relativeElevation: 0
  - borderData: {fileID: 11400000, guid: 89e6136cf1e35c4439f8847f2da29d45, type: 2}
    relativeElevation: 0
  - borderData: {fileID: 11400000, guid: 89e6136cf1e35c4439f8847f2da29d45, type: 2}
    relativeElevation: 0
  - borderData: {fileID: 11400000, guid: 76f6e9b2d394b2445a659732d103cc6e, type: 2}
    relativeElevation: 0
  verticalBorder:
    vertBorderData: {fileID: 0}
    offset: {x: 0, y: 0, z: 0}
  group:
    id: 2
    layerID: 0
    groupName: misc
    tiles:
      tiles:
      - {fileID: 11400000, guid: 3ff46a1afcbab1f4ca4ff043b0b8307b, type: 2}
      - {fileID: 11400000, guid: 2e46d38f14f65794fa949b8fb7f59bd8, type: 2}
      - {fileID: 11400000, guid: 0083291a30beeb447a94161a494cbb90, type: 2}
  currentRotation: 1
--- !u!114 &295991258
MonoBehaviour:
  m_ObjectHideFlags: 0
  m_CorrespondingSourceObject: {fileID: 0}
  m_PrefabInstance: {fileID: 0}
  m_PrefabAsset: {fileID: 0}
  m_GameObject: {fileID: 0}
  m_Enabled: 1
  m_EditorHideFlags: 0
  m_Script: {fileID: 11500000, guid: 3ea8e27e8c73266459bfbd2470a9f761, type: 3}
  m_Name: ml_Empty(Clone)
  m_EditorClassIdentifier: 
  id: 6
  prefab: {fileID: 7600731385269097962, guid: d89c4027b4bc992418e76599c454ea41, type: 3}
  weight: 1
  uniqueRotations: 4
  minElevation: 0
  maxElevation: 0
  currentElevation: 0
  sideBorders:
  - borderData: {fileID: 0}
    relativeElevation: 0
  - borderData: {fileID: 0}
    relativeElevation: 0
  - borderData: {fileID: 0}
    relativeElevation: 0
  - borderData: {fileID: 0}
    relativeElevation: 0
  verticalBorder:
    vertBorderData: {fileID: 11400000, guid: cf83f521d490b2d4fba36a2f07b75a32, type: 2}
    offset: {x: 0, y: 0, z: 0}
  group:
    id: 3
    layerID: 1
    groupName: Layer 0
    tiles:
      tiles:
      - {fileID: 11400000, guid: e75260f147bea83438a30026c8a5f89a, type: 2}
      - {fileID: 11400000, guid: 233421665cf0bb44a85dcaf1905cb44d, type: 2}
  currentRotation: 2
--- !u!1 &305422076
GameObject:
  m_ObjectHideFlags: 0
  m_CorrespondingSourceObject: {fileID: 0}
  m_PrefabInstance: {fileID: 0}
  m_PrefabAsset: {fileID: 0}
  serializedVersion: 6
  m_Component:
  - component: {fileID: 305422077}
  m_Layer: 0
  m_Name: Orientation
  m_TagString: Untagged
  m_Icon: {fileID: 0}
  m_NavMeshLayer: 0
  m_StaticEditorFlags: 0
  m_IsActive: 1
--- !u!4 &305422077
Transform:
  m_ObjectHideFlags: 0
  m_CorrespondingSourceObject: {fileID: 0}
  m_PrefabInstance: {fileID: 0}
  m_PrefabAsset: {fileID: 0}
  m_GameObject: {fileID: 305422076}
  m_LocalRotation: {x: 0, y: 0, z: 0, w: 1}
  m_LocalPosition: {x: 0, y: 0.7, z: 0}
  m_LocalScale: {x: 1, y: 1, z: 1}
  m_ConstrainProportionsScale: 0
  m_Children: []
  m_Father: {fileID: 842353897}
  m_RootOrder: 1
  m_LocalEulerAnglesHint: {x: 0, y: 0, z: 0}
--- !u!114 &326624697
MonoBehaviour:
  m_ObjectHideFlags: 0
  m_CorrespondingSourceObject: {fileID: 0}
  m_PrefabInstance: {fileID: 0}
  m_PrefabAsset: {fileID: 0}
  m_GameObject: {fileID: 0}
  m_Enabled: 1
  m_EditorHideFlags: 0
  m_Script: {fileID: 11500000, guid: 3ea8e27e8c73266459bfbd2470a9f761, type: 3}
  m_Name: mlShoreCorner1(Clone)
  m_EditorClassIdentifier: 
  id: 6
  prefab: {fileID: 1265174552070739859, guid: bee9a92778ed2e246a4ea863852bedde, type: 3}
  weight: 0
  uniqueRotations: 4
  minElevation: 0
  maxElevation: 0
  currentElevation: 0
  sideBorders:
  - borderData: {fileID: 11400000, guid: 76f6e9b2d394b2445a659732d103cc6e, type: 2}
    relativeElevation: 0
  - borderData: {fileID: 11400000, guid: 0308c1a01bb5ce04084888969f60c198, type: 2}
    relativeElevation: 0
  - borderData: {fileID: 11400000, guid: 0308c1a01bb5ce04084888969f60c198, type: 2}
    relativeElevation: 0
  - borderData: {fileID: 11400000, guid: ca4c9ff2a5191f440860279cfebf2f03, type: 2}
    relativeElevation: 0
  verticalBorder:
    vertBorderData: {fileID: 0}
    offset: {x: 0, y: 0, z: 0}
  group:
    id: 2
    layerID: 0
    groupName: misc
    tiles:
      tiles:
      - {fileID: 11400000, guid: 3ff46a1afcbab1f4ca4ff043b0b8307b, type: 2}
      - {fileID: 11400000, guid: 2e46d38f14f65794fa949b8fb7f59bd8, type: 2}
      - {fileID: 11400000, guid: 0083291a30beeb447a94161a494cbb90, type: 2}
  currentRotation: 0
--- !u!114 &363252178
MonoBehaviour:
  m_ObjectHideFlags: 0
  m_CorrespondingSourceObject: {fileID: 0}
  m_PrefabInstance: {fileID: 0}
  m_PrefabAsset: {fileID: 0}
  m_GameObject: {fileID: 0}
  m_Enabled: 1
  m_EditorHideFlags: 0
  m_Script: {fileID: 11500000, guid: 3ea8e27e8c73266459bfbd2470a9f761, type: 3}
  m_Name: mlShore(Clone)
  m_EditorClassIdentifier: 
  id: 3
  prefab: {fileID: 1265174552070739859, guid: 51ea084e2217af845b5a2c39a306acea, type: 3}
  weight: 0
  uniqueRotations: 4
  minElevation: 0
  maxElevation: 0
  currentElevation: 0
  sideBorders:
  - borderData: {fileID: 11400000, guid: ca4c9ff2a5191f440860279cfebf2f03, type: 2}
    relativeElevation: 0
  - borderData: {fileID: 11400000, guid: 89e6136cf1e35c4439f8847f2da29d45, type: 2}
    relativeElevation: 0
  - borderData: {fileID: 11400000, guid: 76f6e9b2d394b2445a659732d103cc6e, type: 2}
    relativeElevation: 0
  - borderData: {fileID: 11400000, guid: 0308c1a01bb5ce04084888969f60c198, type: 2}
    relativeElevation: 0
  verticalBorder:
    vertBorderData: {fileID: 0}
    offset: {x: 0, y: 0, z: 0}
  group:
    id: 2
    layerID: 0
    groupName: misc
    tiles:
      tiles:
      - {fileID: 11400000, guid: 3ff46a1afcbab1f4ca4ff043b0b8307b, type: 2}
      - {fileID: 11400000, guid: 2e46d38f14f65794fa949b8fb7f59bd8, type: 2}
      - {fileID: 11400000, guid: 0083291a30beeb447a94161a494cbb90, type: 2}
  currentRotation: 1
--- !u!1 &426438722
GameObject:
  m_ObjectHideFlags: 0
  m_CorrespondingSourceObject: {fileID: 0}
  m_PrefabInstance: {fileID: 0}
  m_PrefabAsset: {fileID: 0}
  serializedVersion: 6
  m_Component:
  - component: {fileID: 426438723}
  - component: {fileID: 426438726}
  - component: {fileID: 426438725}
  - component: {fileID: 426438724}
  m_Layer: 0
  m_Name: MainCamera
  m_TagString: MainCamera
  m_Icon: {fileID: 0}
  m_NavMeshLayer: 0
  m_StaticEditorFlags: 0
  m_IsActive: 1
--- !u!4 &426438723
Transform:
  m_ObjectHideFlags: 0
  m_CorrespondingSourceObject: {fileID: 0}
  m_PrefabInstance: {fileID: 0}
  m_PrefabAsset: {fileID: 0}
  m_GameObject: {fileID: 426438722}
  m_LocalRotation: {x: -0, y: -0, z: -0, w: 1}
  m_LocalPosition: {x: 0, y: 0, z: 0}
  m_LocalScale: {x: 1, y: 1, z: 1}
  m_ConstrainProportionsScale: 0
  m_Children: []
  m_Father: {fileID: 849338572}
  m_RootOrder: 0
  m_LocalEulerAnglesHint: {x: 0, y: 0, z: 0}
--- !u!114 &426438724
MonoBehaviour:
  m_ObjectHideFlags: 0
  m_CorrespondingSourceObject: {fileID: 0}
  m_PrefabInstance: {fileID: 0}
  m_PrefabAsset: {fileID: 0}
  m_GameObject: {fileID: 426438722}
  m_Enabled: 1
  m_EditorHideFlags: 0
  m_Script: {fileID: 11500000, guid: d23522e39700a824babe73b21452df8b, type: 3}
  m_Name: 
  m_EditorClassIdentifier: 
  orientation: {fileID: 305422077}
  xRot: 0
  yRot: 0
  camSens: 800
--- !u!81 &426438725
AudioListener:
  m_ObjectHideFlags: 0
  m_CorrespondingSourceObject: {fileID: 0}
  m_PrefabInstance: {fileID: 0}
  m_PrefabAsset: {fileID: 0}
  m_GameObject: {fileID: 426438722}
  m_Enabled: 1
--- !u!20 &426438726
Camera:
  m_ObjectHideFlags: 0
  m_CorrespondingSourceObject: {fileID: 0}
  m_PrefabInstance: {fileID: 0}
  m_PrefabAsset: {fileID: 0}
  m_GameObject: {fileID: 426438722}
  m_Enabled: 1
  serializedVersion: 2
  m_ClearFlags: 1
  m_BackGroundColor: {r: 0.19215687, g: 0.3019608, b: 0.4745098, a: 0}
  m_projectionMatrixMode: 1
  m_GateFitMode: 2
  m_FOVAxisMode: 0
  m_SensorSize: {x: 36, y: 24}
  m_LensShift: {x: 0, y: 0}
  m_FocalLength: 50
  m_NormalizedViewPortRect:
    serializedVersion: 2
    x: 0
    y: 0
    width: 1
    height: 1
  near clip plane: 0.3
  far clip plane: 1000
  field of view: 60
  orthographic: 0
  orthographic size: 5
  m_Depth: 0
  m_CullingMask:
    serializedVersion: 2
    m_Bits: 4294967295
  m_RenderingPath: -1
  m_TargetTexture: {fileID: 0}
  m_TargetDisplay: 0
  m_TargetEye: 3
  m_HDR: 1
  m_AllowMSAA: 1
  m_AllowDynamicResolution: 0
  m_ForceIntoRT: 0
  m_OcclusionCulling: 1
  m_StereoConvergence: 10
  m_StereoSeparation: 0.022
--- !u!114 &575228364
MonoBehaviour:
  m_ObjectHideFlags: 0
  m_CorrespondingSourceObject: {fileID: 0}
  m_PrefabInstance: {fileID: 0}
  m_PrefabAsset: {fileID: 0}
  m_GameObject: {fileID: 0}
  m_Enabled: 1
  m_EditorHideFlags: 0
  m_Script: {fileID: 11500000, guid: 3ea8e27e8c73266459bfbd2470a9f761, type: 3}
  m_Name: ml_Boat(Clone)
  m_EditorClassIdentifier: 
  id: 3
  prefab: {fileID: 8130717730323554852, guid: 751e47909de423c4d8e0765e12b68c0d, type: 3}
  weight: 0.218
  uniqueRotations: 4
  minElevation: 0
  maxElevation: 0
  currentElevation: 0
  sideBorders:
  - borderData: {fileID: 0}
    relativeElevation: 0
  - borderData: {fileID: 0}
    relativeElevation: 0
  - borderData: {fileID: 0}
    relativeElevation: 0
  - borderData: {fileID: 0}
    relativeElevation: 0
  verticalBorder:
    vertBorderData: {fileID: 11400000, guid: cf83f521d490b2d4fba36a2f07b75a32, type: 2}
    offset: {x: 0, y: 0, z: 0}
  group:
    id: 3
    layerID: 1
    groupName: Layer 0
    tiles:
      tiles:
      - {fileID: 11400000, guid: e75260f147bea83438a30026c8a5f89a, type: 2}
      - {fileID: 11400000, guid: 233421665cf0bb44a85dcaf1905cb44d, type: 2}
  currentRotation: 3
--- !u!1 &637693216
GameObject:
  m_ObjectHideFlags: 0
  m_CorrespondingSourceObject: {fileID: 0}
  m_PrefabInstance: {fileID: 0}
  m_PrefabAsset: {fileID: 0}
  serializedVersion: 6
  m_Component:
  - component: {fileID: 637693217}
  - component: {fileID: 637693220}
  - component: {fileID: 637693219}
  - component: {fileID: 637693218}
  m_Layer: 0
  m_Name: Capsule
  m_TagString: Untagged
  m_Icon: {fileID: 0}
  m_NavMeshLayer: 0
  m_StaticEditorFlags: 0
  m_IsActive: 1
--- !u!4 &637693217
Transform:
  m_ObjectHideFlags: 0
  m_CorrespondingSourceObject: {fileID: 0}
  m_PrefabInstance: {fileID: 0}
  m_PrefabAsset: {fileID: 0}
  m_GameObject: {fileID: 637693216}
  m_LocalRotation: {x: 0, y: 0, z: 0, w: 1}
  m_LocalPosition: {x: 0, y: 0, z: 0}
  m_LocalScale: {x: 1, y: 1, z: 1}
  m_ConstrainProportionsScale: 0
  m_Children: []
  m_Father: {fileID: 842353897}
  m_RootOrder: 0
  m_LocalEulerAnglesHint: {x: 0, y: 0, z: 0}
--- !u!136 &637693218
CapsuleCollider:
  m_ObjectHideFlags: 0
  m_CorrespondingSourceObject: {fileID: 0}
  m_PrefabInstance: {fileID: 0}
  m_PrefabAsset: {fileID: 0}
  m_GameObject: {fileID: 637693216}
  m_Material: {fileID: 0}
  m_IsTrigger: 0
  m_Enabled: 1
  m_Radius: 0.5
  m_Height: 2
  m_Direction: 1
  m_Center: {x: 0, y: 0, z: 0}
--- !u!23 &637693219
MeshRenderer:
  m_ObjectHideFlags: 0
  m_CorrespondingSourceObject: {fileID: 0}
  m_PrefabInstance: {fileID: 0}
  m_PrefabAsset: {fileID: 0}
  m_GameObject: {fileID: 637693216}
  m_Enabled: 1
  m_CastShadows: 1
  m_ReceiveShadows: 1
  m_DynamicOccludee: 1
  m_StaticShadowCaster: 0
  m_MotionVectors: 1
  m_LightProbeUsage: 1
  m_ReflectionProbeUsage: 1
  m_RayTracingMode: 2
  m_RayTraceProcedural: 0
  m_RenderingLayerMask: 1
  m_RendererPriority: 0
  m_Materials:
  - {fileID: 10303, guid: 0000000000000000f000000000000000, type: 0}
  m_StaticBatchInfo:
    firstSubMesh: 0
    subMeshCount: 0
  m_StaticBatchRoot: {fileID: 0}
  m_ProbeAnchor: {fileID: 0}
  m_LightProbeVolumeOverride: {fileID: 0}
  m_ScaleInLightmap: 1
  m_ReceiveGI: 1
  m_PreserveUVs: 0
  m_IgnoreNormalsForChartDetection: 0
  m_ImportantGI: 0
  m_StitchLightmapSeams: 1
  m_SelectedEditorRenderState: 3
  m_MinimumChartSize: 4
  m_AutoUVMaxDistance: 0.5
  m_AutoUVMaxAngle: 89
  m_LightmapParameters: {fileID: 0}
  m_SortingLayerID: 0
  m_SortingLayer: 0
  m_SortingOrder: 0
  m_AdditionalVertexStreams: {fileID: 0}
--- !u!33 &637693220
MeshFilter:
  m_ObjectHideFlags: 0
  m_CorrespondingSourceObject: {fileID: 0}
  m_PrefabInstance: {fileID: 0}
  m_PrefabAsset: {fileID: 0}
  m_GameObject: {fileID: 637693216}
  m_Mesh: {fileID: 10208, guid: 0000000000000000e000000000000000, type: 0}
--- !u!114 &722899937
MonoBehaviour:
  m_ObjectHideFlags: 0
  m_CorrespondingSourceObject: {fileID: 0}
  m_PrefabInstance: {fileID: 0}
  m_PrefabAsset: {fileID: 0}
  m_GameObject: {fileID: 0}
  m_Enabled: 1
  m_EditorHideFlags: 0
  m_Script: {fileID: 11500000, guid: 3ea8e27e8c73266459bfbd2470a9f761, type: 3}
  m_Name: ml_Empty(Clone)
  m_EditorClassIdentifier: 
  id: 7
  prefab: {fileID: 7600731385269097962, guid: d89c4027b4bc992418e76599c454ea41, type: 3}
  weight: 1
  uniqueRotations: 4
  minElevation: 0
  maxElevation: 0
  currentElevation: 0
  sideBorders:
  - borderData: {fileID: 0}
    relativeElevation: 0
  - borderData: {fileID: 0}
    relativeElevation: 0
  - borderData: {fileID: 0}
    relativeElevation: 0
  - borderData: {fileID: 0}
    relativeElevation: 0
  verticalBorder:
    vertBorderData: {fileID: 11400000, guid: cf83f521d490b2d4fba36a2f07b75a32, type: 2}
    offset: {x: 0, y: 0, z: 0}
  group:
    id: 3
    layerID: 1
    groupName: Layer 0
    tiles:
      tiles:
      - {fileID: 11400000, guid: e75260f147bea83438a30026c8a5f89a, type: 2}
      - {fileID: 11400000, guid: 233421665cf0bb44a85dcaf1905cb44d, type: 2}
  currentRotation: 3
--- !u!1 &842353896
GameObject:
  m_ObjectHideFlags: 0
  m_CorrespondingSourceObject: {fileID: 0}
  m_PrefabInstance: {fileID: 0}
  m_PrefabAsset: {fileID: 0}
  serializedVersion: 6
  m_Component:
  - component: {fileID: 842353897}
  - component: {fileID: 842353899}
  - component: {fileID: 842353898}
  m_Layer: 0
  m_Name: Player (1)
  m_TagString: Untagged
  m_Icon: {fileID: 0}
  m_NavMeshLayer: 0
  m_StaticEditorFlags: 0
  m_IsActive: 1
--- !u!4 &842353897
Transform:
  m_ObjectHideFlags: 0
  m_CorrespondingSourceObject: {fileID: 0}
  m_PrefabInstance: {fileID: 0}
  m_PrefabAsset: {fileID: 0}
  m_GameObject: {fileID: 842353896}
  m_LocalRotation: {x: -0, y: -0, z: -0, w: 1}
  m_LocalPosition: {x: 0.16, y: 3.17, z: 22.77}
  m_LocalScale: {x: 1, y: 1, z: 1}
  m_ConstrainProportionsScale: 0
  m_Children:
  - {fileID: 637693217}
  - {fileID: 305422077}
  m_Father: {fileID: 0}
  m_RootOrder: 2
  m_LocalEulerAnglesHint: {x: 0, y: 0, z: 0}
--- !u!114 &842353898
MonoBehaviour:
  m_ObjectHideFlags: 0
  m_CorrespondingSourceObject: {fileID: 0}
  m_PrefabInstance: {fileID: 0}
  m_PrefabAsset: {fileID: 0}
  m_GameObject: {fileID: 842353896}
  m_Enabled: 1
  m_EditorHideFlags: 0
  m_Script: {fileID: 11500000, guid: e5507b5a26060ea4ea719a423d3472ba, type: 3}
  m_Name: 
  m_EditorClassIdentifier: 
  speed: 10
  orientation: {fileID: 305422077}
  gravity: 0
--- !u!54 &842353899
Rigidbody:
  m_ObjectHideFlags: 0
  m_CorrespondingSourceObject: {fileID: 0}
  m_PrefabInstance: {fileID: 0}
  m_PrefabAsset: {fileID: 0}
  m_GameObject: {fileID: 842353896}
  serializedVersion: 2
  m_Mass: 1
  m_Drag: 1
  m_AngularDrag: 0.05
  m_UseGravity: 0
  m_IsKinematic: 0
  m_Interpolate: 1
  m_Constraints: 0
  m_CollisionDetection: 1
--- !u!1 &849338570
GameObject:
  m_ObjectHideFlags: 0
  m_CorrespondingSourceObject: {fileID: 0}
  m_PrefabInstance: {fileID: 0}
  m_PrefabAsset: {fileID: 0}
  serializedVersion: 6
  m_Component:
  - component: {fileID: 849338572}
  - component: {fileID: 849338571}
  m_Layer: 0
  m_Name: CamHolder (1)
  m_TagString: Untagged
  m_Icon: {fileID: 0}
  m_NavMeshLayer: 0
  m_StaticEditorFlags: 0
  m_IsActive: 1
--- !u!114 &849338571
MonoBehaviour:
  m_ObjectHideFlags: 0
  m_CorrespondingSourceObject: {fileID: 0}
  m_PrefabInstance: {fileID: 0}
  m_PrefabAsset: {fileID: 0}
  m_GameObject: {fileID: 849338570}
  m_Enabled: 1
  m_EditorHideFlags: 0
  m_Script: {fileID: 11500000, guid: 11a5e0fd1d7c8eb4386f72088dd192e0, type: 3}
  m_Name: 
  m_EditorClassIdentifier: 
  t: {fileID: 305422077}
--- !u!4 &849338572
Transform:
  m_ObjectHideFlags: 0
  m_CorrespondingSourceObject: {fileID: 0}
  m_PrefabInstance: {fileID: 0}
  m_PrefabAsset: {fileID: 0}
  m_GameObject: {fileID: 849338570}
  m_LocalRotation: {x: 0, y: 0, z: 0, w: 1}
  m_LocalPosition: {x: 0, y: 0, z: 0}
  m_LocalScale: {x: 1, y: 1, z: 1}
  m_ConstrainProportionsScale: 0
  m_Children:
  - {fileID: 426438723}
  m_Father: {fileID: 0}
  m_RootOrder: 1
  m_LocalEulerAnglesHint: {x: 0, y: 0, z: 0}
--- !u!114 &902571589
MonoBehaviour:
  m_ObjectHideFlags: 0
  m_CorrespondingSourceObject: {fileID: 0}
  m_PrefabInstance: {fileID: 0}
  m_PrefabAsset: {fileID: 0}
  m_GameObject: {fileID: 0}
  m_Enabled: 1
  m_EditorHideFlags: 0
  m_Script: {fileID: 11500000, guid: 3ea8e27e8c73266459bfbd2470a9f761, type: 3}
  m_Name: ml_Boat(Clone)
  m_EditorClassIdentifier: 
  id: 0
  prefab: {fileID: 8130717730323554852, guid: 751e47909de423c4d8e0765e12b68c0d, type: 3}
  weight: 0.218
  uniqueRotations: 4
  minElevation: 0
  maxElevation: 0
  currentElevation: 0
  sideBorders:
  - borderData: {fileID: 0}
    relativeElevation: 0
  - borderData: {fileID: 0}
    relativeElevation: 0
  - borderData: {fileID: 0}
    relativeElevation: 0
  - borderData: {fileID: 0}
    relativeElevation: 0
  verticalBorder:
    vertBorderData: {fileID: 11400000, guid: cf83f521d490b2d4fba36a2f07b75a32, type: 2}
    offset: {x: 0, y: 0, z: 0}
  group:
    id: 3
    layerID: 1
    groupName: Layer 0
    tiles:
      tiles:
      - {fileID: 11400000, guid: e75260f147bea83438a30026c8a5f89a, type: 2}
      - {fileID: 11400000, guid: 233421665cf0bb44a85dcaf1905cb44d, type: 2}
  currentRotation: 0
--- !u!114 &932337945
MonoBehaviour:
  m_ObjectHideFlags: 0
  m_CorrespondingSourceObject: {fileID: 0}
  m_PrefabInstance: {fileID: 0}
  m_PrefabAsset: {fileID: 0}
  m_GameObject: {fileID: 0}
  m_Enabled: 1
  m_EditorHideFlags: 0
  m_Script: {fileID: 11500000, guid: 3ea8e27e8c73266459bfbd2470a9f761, type: 3}
  m_Name: mlLake(Clone)
  m_EditorClassIdentifier: 
  id: 1
  prefab: {fileID: 1265174552070739859, guid: 650fe69e9d8918a4482832a21c4cb922, type: 3}
  weight: 1
  uniqueRotations: 1
  minElevation: 0
  maxElevation: 0
  currentElevation: 0
  sideBorders:
  - borderData: {fileID: 11400000, guid: 0308c1a01bb5ce04084888969f60c198, type: 2}
    relativeElevation: 0
  - borderData: {fileID: 11400000, guid: 0308c1a01bb5ce04084888969f60c198, type: 2}
    relativeElevation: 0
  - borderData: {fileID: 11400000, guid: 0308c1a01bb5ce04084888969f60c198, type: 2}
    relativeElevation: 0
  - borderData: {fileID: 11400000, guid: 0308c1a01bb5ce04084888969f60c198, type: 2}
    relativeElevation: 0
  verticalBorder:
    vertBorderData: {fileID: 11400000, guid: cf83f521d490b2d4fba36a2f07b75a32, type: 2}
    offset: {x: 0, y: 0.2, z: 0}
  group:
    id: 1
    layerID: 0
    groupName: lake
    tiles:
      tiles:
      - {fileID: 11400000, guid: 7fc4b36191a3b4348815e9a8d751a81a, type: 2}
  currentRotation: 0
--- !u!114 &961588466
MonoBehaviour:
  m_ObjectHideFlags: 0
  m_CorrespondingSourceObject: {fileID: 0}
  m_PrefabInstance: {fileID: 0}
  m_PrefabAsset: {fileID: 0}
  m_GameObject: {fileID: 0}
  m_Enabled: 1
  m_EditorHideFlags: 0
  m_Script: {fileID: 11500000, guid: 3ea8e27e8c73266459bfbd2470a9f761, type: 3}
  m_Name: mlShore(Clone)
  m_EditorClassIdentifier: 
  id: 2
  prefab: {fileID: 1265174552070739859, guid: 51ea084e2217af845b5a2c39a306acea, type: 3}
  weight: 0
  uniqueRotations: 4
  minElevation: 0
  maxElevation: 0
  currentElevation: 0
  sideBorders:
  - borderData: {fileID: 11400000, guid: 89e6136cf1e35c4439f8847f2da29d45, type: 2}
    relativeElevation: 0
  - borderData: {fileID: 11400000, guid: 76f6e9b2d394b2445a659732d103cc6e, type: 2}
    relativeElevation: 0
  - borderData: {fileID: 11400000, guid: 0308c1a01bb5ce04084888969f60c198, type: 2}
    relativeElevation: 0
  - borderData: {fileID: 11400000, guid: ca4c9ff2a5191f440860279cfebf2f03, type: 2}
    relativeElevation: 0
  verticalBorder:
    vertBorderData: {fileID: 0}
    offset: {x: 0, y: 0, z: 0}
  group:
    id: 2
    layerID: 0
    groupName: misc
    tiles:
      tiles:
      - {fileID: 11400000, guid: 3ff46a1afcbab1f4ca4ff043b0b8307b, type: 2}
      - {fileID: 11400000, guid: 2e46d38f14f65794fa949b8fb7f59bd8, type: 2}
      - {fileID: 11400000, guid: 0083291a30beeb447a94161a494cbb90, type: 2}
  currentRotation: 0
--- !u!114 &1029659677
MonoBehaviour:
  m_ObjectHideFlags: 0
  m_CorrespondingSourceObject: {fileID: 0}
  m_PrefabInstance: {fileID: 0}
  m_PrefabAsset: {fileID: 0}
  m_GameObject: {fileID: 0}
  m_Enabled: 1
  m_EditorHideFlags: 0
  m_Script: {fileID: 11500000, guid: 3ea8e27e8c73266459bfbd2470a9f761, type: 3}
  m_Name: ml_Empty(Clone)
  m_EditorClassIdentifier: 
  id: 4
  prefab: {fileID: 7600731385269097962, guid: d89c4027b4bc992418e76599c454ea41, type: 3}
  weight: 1
  uniqueRotations: 4
  minElevation: 0
  maxElevation: 0
  currentElevation: 0
  sideBorders:
  - borderData: {fileID: 0}
    relativeElevation: 0
  - borderData: {fileID: 0}
    relativeElevation: 0
  - borderData: {fileID: 0}
    relativeElevation: 0
  - borderData: {fileID: 0}
    relativeElevation: 0
  verticalBorder:
    vertBorderData: {fileID: 11400000, guid: cf83f521d490b2d4fba36a2f07b75a32, type: 2}
    offset: {x: 0, y: 0, z: 0}
  group:
    id: 3
    layerID: 1
    groupName: Layer 0
    tiles:
      tiles:
      - {fileID: 11400000, guid: e75260f147bea83438a30026c8a5f89a, type: 2}
      - {fileID: 11400000, guid: 233421665cf0bb44a85dcaf1905cb44d, type: 2}
  currentRotation: 0
--- !u!114 &1121604453
MonoBehaviour:
  m_ObjectHideFlags: 0
  m_CorrespondingSourceObject: {fileID: 0}
  m_PrefabInstance: {fileID: 0}
  m_PrefabAsset: {fileID: 0}
  m_GameObject: {fileID: 0}
  m_Enabled: 1
  m_EditorHideFlags: 0
  m_Script: {fileID: 11500000, guid: 3ea8e27e8c73266459bfbd2470a9f761, type: 3}
  m_Name: mlShoreCorner2(Clone)
  m_EditorClassIdentifier: 
  id: 12
  prefab: {fileID: 1265174552070739859, guid: 28a0ab4b1af0c0d4eb7ec32146602b4a, type: 3}
  weight: 0
  uniqueRotations: 4
  minElevation: 0
  maxElevation: 0
  currentElevation: 0
  sideBorders:
  - borderData: {fileID: 11400000, guid: 76f6e9b2d394b2445a659732d103cc6e, type: 2}
    relativeElevation: 0
  - borderData: {fileID: 11400000, guid: ca4c9ff2a5191f440860279cfebf2f03, type: 2}
    relativeElevation: 0
  - borderData: {fileID: 11400000, guid: 89e6136cf1e35c4439f8847f2da29d45, type: 2}
    relativeElevation: 0
  - borderData: {fileID: 11400000, guid: 89e6136cf1e35c4439f8847f2da29d45, type: 2}
    relativeElevation: 0
  verticalBorder:
    vertBorderData: {fileID: 0}
    offset: {x: 0, y: 0, z: 0}
  group:
    id: 2
    layerID: 0
    groupName: misc
    tiles:
      tiles:
      - {fileID: 11400000, guid: 3ff46a1afcbab1f4ca4ff043b0b8307b, type: 2}
      - {fileID: 11400000, guid: 2e46d38f14f65794fa949b8fb7f59bd8, type: 2}
      - {fileID: 11400000, guid: 0083291a30beeb447a94161a494cbb90, type: 2}
  currentRotation: 2
--- !u!114 &1147036270
MonoBehaviour:
  m_ObjectHideFlags: 0
  m_CorrespondingSourceObject: {fileID: 0}
  m_PrefabInstance: {fileID: 0}
  m_PrefabAsset: {fileID: 0}
  m_GameObject: {fileID: 0}
  m_Enabled: 1
  m_EditorHideFlags: 0
  m_Script: {fileID: 11500000, guid: 3ea8e27e8c73266459bfbd2470a9f761, type: 3}
  m_Name: mlMount0000(Clone)
  m_EditorClassIdentifier: 
  id: 0
  prefab: {fileID: 1265174552070739859, guid: d8f19026dc426ae48a989655fc8c6104, type: 3}
  weight: 1
  uniqueRotations: 1
  minElevation: 0
  maxElevation: 0
  currentElevation: 0
  sideBorders:
  - borderData: {fileID: 11400000, guid: 89e6136cf1e35c4439f8847f2da29d45, type: 2}
    relativeElevation: 0
  - borderData: {fileID: 11400000, guid: 89e6136cf1e35c4439f8847f2da29d45, type: 2}
    relativeElevation: 0
  - borderData: {fileID: 11400000, guid: 89e6136cf1e35c4439f8847f2da29d45, type: 2}
    relativeElevation: 0
  - borderData: {fileID: 11400000, guid: 89e6136cf1e35c4439f8847f2da29d45, type: 2}
    relativeElevation: 0
  verticalBorder:
    vertBorderData: {fileID: 0}
    offset: {x: 0, y: 0, z: 0}
  group:
    id: 0
    layerID: 0
    groupName: mountain
    tiles:
      tiles:
      - {fileID: 11400000, guid: d0318c272be68e54dbfc2d59b3df6c25, type: 2}
  currentRotation: 0
--- !u!114 &1158308632
MonoBehaviour:
  m_ObjectHideFlags: 0
  m_CorrespondingSourceObject: {fileID: 0}
  m_PrefabInstance: {fileID: 0}
  m_PrefabAsset: {fileID: 0}
  m_GameObject: {fileID: 0}
  m_Enabled: 1
  m_EditorHideFlags: 0
  m_Script: {fileID: 11500000, guid: 3ea8e27e8c73266459bfbd2470a9f761, type: 3}
  m_Name: mlShoreCorner2(Clone)
  m_EditorClassIdentifier: 
  id: 10
  prefab: {fileID: 1265174552070739859, guid: 28a0ab4b1af0c0d4eb7ec32146602b4a, type: 3}
  weight: 0
  uniqueRotations: 4
  minElevation: 0
  maxElevation: 0
  currentElevation: 0
  sideBorders:
  - borderData: {fileID: 11400000, guid: 89e6136cf1e35c4439f8847f2da29d45, type: 2}
    relativeElevation: 0
  - borderData: {fileID: 11400000, guid: 89e6136cf1e35c4439f8847f2da29d45, type: 2}
    relativeElevation: 0
  - borderData: {fileID: 11400000, guid: 76f6e9b2d394b2445a659732d103cc6e, type: 2}
    relativeElevation: 0
  - borderData: {fileID: 11400000, guid: ca4c9ff2a5191f440860279cfebf2f03, type: 2}
    relativeElevation: 0
  verticalBorder:
    vertBorderData: {fileID: 0}
    offset: {x: 0, y: 0, z: 0}
  group:
    id: 2
    layerID: 0
    groupName: misc
    tiles:
      tiles:
      - {fileID: 11400000, guid: 3ff46a1afcbab1f4ca4ff043b0b8307b, type: 2}
      - {fileID: 11400000, guid: 2e46d38f14f65794fa949b8fb7f59bd8, type: 2}
      - {fileID: 11400000, guid: 0083291a30beeb447a94161a494cbb90, type: 2}
  currentRotation: 0
--- !u!114 &1460057656
MonoBehaviour:
  m_ObjectHideFlags: 0
  m_CorrespondingSourceObject: {fileID: 0}
  m_PrefabInstance: {fileID: 0}
  m_PrefabAsset: {fileID: 0}
  m_GameObject: {fileID: 0}
  m_Enabled: 1
  m_EditorHideFlags: 0
  m_Script: {fileID: 11500000, guid: 3ea8e27e8c73266459bfbd2470a9f761, type: 3}
  m_Name: ml_Empty(Clone)
  m_EditorClassIdentifier: 
  id: 5
  prefab: {fileID: 7600731385269097962, guid: d89c4027b4bc992418e76599c454ea41, type: 3}
  weight: 1
  uniqueRotations: 4
  minElevation: 0
  maxElevation: 0
  currentElevation: 0
  sideBorders:
  - borderData: {fileID: 0}
    relativeElevation: 0
  - borderData: {fileID: 0}
    relativeElevation: 0
  - borderData: {fileID: 0}
    relativeElevation: 0
  - borderData: {fileID: 0}
    relativeElevation: 0
  verticalBorder:
    vertBorderData: {fileID: 11400000, guid: cf83f521d490b2d4fba36a2f07b75a32, type: 2}
    offset: {x: 0, y: 0, z: 0}
  group:
    id: 3
    layerID: 1
    groupName: Layer 0
    tiles:
      tiles:
      - {fileID: 11400000, guid: e75260f147bea83438a30026c8a5f89a, type: 2}
      - {fileID: 11400000, guid: 233421665cf0bb44a85dcaf1905cb44d, type: 2}
  currentRotation: 1
--- !u!114 &1562578457
MonoBehaviour:
  m_ObjectHideFlags: 0
  m_CorrespondingSourceObject: {fileID: 0}
  m_PrefabInstance: {fileID: 0}
  m_PrefabAsset: {fileID: 0}
  m_GameObject: {fileID: 0}
  m_Enabled: 1
  m_EditorHideFlags: 0
  m_Script: {fileID: 11500000, guid: 3ea8e27e8c73266459bfbd2470a9f761, type: 3}
  m_Name: mlShoreCorner2(Clone)
  m_EditorClassIdentifier: 
  id: 13
  prefab: {fileID: 1265174552070739859, guid: 28a0ab4b1af0c0d4eb7ec32146602b4a, type: 3}
  weight: 0
  uniqueRotations: 4
  minElevation: 0
  maxElevation: 0
  currentElevation: 0
  sideBorders:
  - borderData: {fileID: 11400000, guid: 89e6136cf1e35c4439f8847f2da29d45, type: 2}
    relativeElevation: 0
  - borderData: {fileID: 11400000, guid: 76f6e9b2d394b2445a659732d103cc6e, type: 2}
    relativeElevation: 0
  - borderData: {fileID: 11400000, guid: ca4c9ff2a5191f440860279cfebf2f03, type: 2}
    relativeElevation: 0
  - borderData: {fileID: 11400000, guid: 89e6136cf1e35c4439f8847f2da29d45, type: 2}
    relativeElevation: 0
  verticalBorder:
    vertBorderData: {fileID: 0}
    offset: {x: 0, y: 0, z: 0}
  group:
    id: 2
    layerID: 0
    groupName: misc
    tiles:
      tiles:
      - {fileID: 11400000, guid: 3ff46a1afcbab1f4ca4ff043b0b8307b, type: 2}
      - {fileID: 11400000, guid: 2e46d38f14f65794fa949b8fb7f59bd8, type: 2}
      - {fileID: 11400000, guid: 0083291a30beeb447a94161a494cbb90, type: 2}
  currentRotation: 3
--- !u!1 &1574879235
GameObject:
  m_ObjectHideFlags: 0
  m_CorrespondingSourceObject: {fileID: 0}
  m_PrefabInstance: {fileID: 0}
  m_PrefabAsset: {fileID: 0}
  serializedVersion: 6
  m_Component:
  - component: {fileID: 1574879239}
  - component: {fileID: 1574879238}
  - component: {fileID: 1574879237}
  - component: {fileID: 1574879236}
  m_Layer: 5
  m_Name: Canvas (1)
  m_TagString: Untagged
  m_Icon: {fileID: 0}
  m_NavMeshLayer: 0
  m_StaticEditorFlags: 0
  m_IsActive: 0
--- !u!114 &1574879236
MonoBehaviour:
  m_ObjectHideFlags: 0
  m_CorrespondingSourceObject: {fileID: 0}
  m_PrefabInstance: {fileID: 0}
  m_PrefabAsset: {fileID: 0}
  m_GameObject: {fileID: 1574879235}
  m_Enabled: 1
  m_EditorHideFlags: 0
  m_Script: {fileID: 11500000, guid: dc42784cf147c0c48a680349fa168899, type: 3}
  m_Name: 
  m_EditorClassIdentifier: 
  m_IgnoreReversedGraphics: 1
  m_BlockingObjects: 0
  m_BlockingMask:
    serializedVersion: 2
    m_Bits: 4294967295
--- !u!114 &1574879237
MonoBehaviour:
  m_ObjectHideFlags: 0
  m_CorrespondingSourceObject: {fileID: 0}
  m_PrefabInstance: {fileID: 0}
  m_PrefabAsset: {fileID: 0}
  m_GameObject: {fileID: 1574879235}
  m_Enabled: 1
  m_EditorHideFlags: 0
  m_Script: {fileID: 11500000, guid: 0cd44c1031e13a943bb63640046fad76, type: 3}
  m_Name: 
  m_EditorClassIdentifier: 
  m_UiScaleMode: 0
  m_ReferencePixelsPerUnit: 100
  m_ScaleFactor: 1
  m_ReferenceResolution: {x: 800, y: 600}
  m_ScreenMatchMode: 0
  m_MatchWidthOrHeight: 0
  m_PhysicalUnit: 3
  m_FallbackScreenDPI: 96
  m_DefaultSpriteDPI: 96
  m_DynamicPixelsPerUnit: 1
  m_PresetInfoIsWorld: 0
--- !u!223 &1574879238
Canvas:
  m_ObjectHideFlags: 0
  m_CorrespondingSourceObject: {fileID: 0}
  m_PrefabInstance: {fileID: 0}
  m_PrefabAsset: {fileID: 0}
  m_GameObject: {fileID: 1574879235}
  m_Enabled: 1
  serializedVersion: 3
  m_RenderMode: 0
  m_Camera: {fileID: 0}
  m_PlaneDistance: 100
  m_PixelPerfect: 0
  m_ReceivesEvents: 1
  m_OverrideSorting: 0
  m_OverridePixelPerfect: 0
  m_SortingBucketNormalizedSize: 0
  m_AdditionalShaderChannelsFlag: 25
  m_SortingLayerID: 0
  m_SortingOrder: 0
  m_TargetDisplay: 0
--- !u!224 &1574879239
RectTransform:
  m_ObjectHideFlags: 0
  m_CorrespondingSourceObject: {fileID: 0}
  m_PrefabInstance: {fileID: 0}
  m_PrefabAsset: {fileID: 0}
  m_GameObject: {fileID: 1574879235}
  m_LocalRotation: {x: 0, y: 0, z: 0, w: 1}
  m_LocalPosition: {x: 0, y: 0, z: 0}
  m_LocalScale: {x: 0, y: 0, z: 0}
  m_ConstrainProportionsScale: 0
  m_Children:
  - {fileID: 1744887286}
  m_Father: {fileID: 0}
  m_RootOrder: 3
  m_LocalEulerAnglesHint: {x: 0, y: 0, z: 0}
  m_AnchorMin: {x: 0, y: 0}
  m_AnchorMax: {x: 0, y: 0}
  m_AnchoredPosition: {x: 0, y: 0}
  m_SizeDelta: {x: 0, y: 0}
  m_Pivot: {x: 0, y: 0}
--- !u!1 &1584432110
GameObject:
  m_ObjectHideFlags: 0
  m_CorrespondingSourceObject: {fileID: 0}
  m_PrefabInstance: {fileID: 0}
  m_PrefabAsset: {fileID: 0}
  serializedVersion: 6
  m_Component:
  - component: {fileID: 1584432111}
  m_Layer: 0
  m_Name: TileMap
  m_TagString: Untagged
  m_Icon: {fileID: 0}
  m_NavMeshLayer: 0
  m_StaticEditorFlags: 0
  m_IsActive: 1
--- !u!4 &1584432111
Transform:
  m_ObjectHideFlags: 0
  m_CorrespondingSourceObject: {fileID: 0}
  m_PrefabInstance: {fileID: 0}
  m_PrefabAsset: {fileID: 0}
  m_GameObject: {fileID: 1584432110}
  m_LocalRotation: {x: 0, y: 0, z: 0, w: 1}
  m_LocalPosition: {x: 0, y: 0, z: 0}
  m_LocalScale: {x: 1, y: 1, z: 1}
  m_ConstrainProportionsScale: 0
  m_Children: []
  m_Father: {fileID: 1700447899}
  m_RootOrder: 0
  m_LocalEulerAnglesHint: {x: 0, y: 0, z: 0}
--- !u!114 &1678896283
MonoBehaviour:
  m_ObjectHideFlags: 0
  m_CorrespondingSourceObject: {fileID: 0}
  m_PrefabInstance: {fileID: 0}
  m_PrefabAsset: {fileID: 0}
  m_GameObject: {fileID: 0}
  m_Enabled: 1
  m_EditorHideFlags: 0
  m_Script: {fileID: 11500000, guid: 828b6a8d283248c78d63e019ca5a4f7b, type: 3}
  m_Name: Group lake (1 tiles)
  m_EditorClassIdentifier: 
  relevantGroup:
    id: 1
    layerID: 0
    groupName: lake
    tiles:
      tiles:
      - {fileID: 11400000, guid: 7fc4b36191a3b4348815e9a8d751a81a, type: 2}
  groupName: lake
  groupID: 1
  gizmoColor: {r: 0.124721356, g: 0.27029413, b: 0.6236068, a: 1}
  size: 21.2
  frequency: 1
  middleElevation: 0
  heightSpread: 0
  ruggedness: 0
  randomOffset: 17114
--- !u!1 &1700447890
GameObject:
  m_ObjectHideFlags: 0
  m_CorrespondingSourceObject: {fileID: 0}
  m_PrefabInstance: {fileID: 0}
  m_PrefabAsset: {fileID: 0}
  serializedVersion: 6
  m_Component:
  - component: {fileID: 1700447899}
  - component: {fileID: 1700447898}
  - component: {fileID: 1700447897}
  - component: {fileID: 1700447895}
  - component: {fileID: 1700447894}
  - component: {fileID: 1700447893}
  - component: {fileID: 1700447901}
  - component: {fileID: 1700447902}
  - component: {fileID: 1700447903}
  m_Layer: 0
  m_Name: Tile System (1)
  m_TagString: Untagged
  m_Icon: {fileID: 0}
  m_NavMeshLayer: 0
  m_StaticEditorFlags: 0
  m_IsActive: 1
--- !u!114 &1700447893
MonoBehaviour:
  m_ObjectHideFlags: 0
  m_CorrespondingSourceObject: {fileID: 0}
  m_PrefabInstance: {fileID: 0}
  m_PrefabAsset: {fileID: 0}
  m_GameObject: {fileID: 1700447890}
  m_Enabled: 1
  m_EditorHideFlags: 0
  m_Script: {fileID: 11500000, guid: 1cac2418f37fb2a42b25d5a9c3d56504, type: 3}
  m_Name: 
  m_EditorClassIdentifier: 
  showGizmosInRange: 0
  prefferedTileGroups:
    elements:
    - key:
        x: 5
        z: 3
      value:
        id: 1
        layerID: 0
        groupName: lake
        tiles:
          tiles:
          - {fileID: 11400000, guid: 7fc4b36191a3b4348815e9a8d751a81a, type: 2}
  prefferedTileIDs:
    elements: []
  prefferedTileElevations:
    elements: []
  showedInitialTiles:
    elements: []
--- !u!114 &1700447894
MonoBehaviour:
  m_ObjectHideFlags: 0
  m_CorrespondingSourceObject: {fileID: 0}
  m_PrefabInstance: {fileID: 0}
  m_PrefabAsset: {fileID: 0}
  m_GameObject: {fileID: 1700447890}
  m_Enabled: 1
  m_EditorHideFlags: 0
  m_Script: {fileID: 11500000, guid: 7417e4d3206d2ad4fb7b8b512330a634, type: 3}
  m_Name: 
  m_EditorClassIdentifier: 
  resetOnStart: 1
--- !u!114 &1700447895
MonoBehaviour:
  m_ObjectHideFlags: 0
  m_CorrespondingSourceObject: {fileID: 0}
  m_PrefabInstance: {fileID: 0}
  m_PrefabAsset: {fileID: 0}
  m_GameObject: {fileID: 1700447890}
  m_Enabled: 1
  m_EditorHideFlags: 0
  m_Script: {fileID: 11500000, guid: 00a2ee37997b44f4aa565cb1fdec0496, type: 3}
  m_Name: 
  m_EditorClassIdentifier: 
  resetOnStart: 1
--- !u!114 &1700447897
MonoBehaviour:
  m_ObjectHideFlags: 0
  m_CorrespondingSourceObject: {fileID: 0}
  m_PrefabInstance: {fileID: 0}
  m_PrefabAsset: {fileID: 0}
  m_GameObject: {fileID: 1700447890}
  m_Enabled: 1
  m_EditorHideFlags: 0
  m_Script: {fileID: 11500000, guid: f4092de3779643545a6fc72378019e0f, type: 3}
  m_Name: 
  m_EditorClassIdentifier: 
  referencePoint: {fileID: 842353897}
  activateTilesPerFrame: 12
  elevationOffsetCoefficient: 1
  tileSize: {x: 1.01, y: 1.01}
--- !u!114 &1700447898
MonoBehaviour:
  m_ObjectHideFlags: 0
  m_CorrespondingSourceObject: {fileID: 0}
  m_PrefabInstance: {fileID: 0}
  m_PrefabAsset: {fileID: 0}
  m_GameObject: {fileID: 1700447890}
  m_Enabled: 1
  m_EditorHideFlags: 0
  m_Script: {fileID: 11500000, guid: 3d268a4825eebb34c91278e93f1463a9, type: 3}
  m_Name: 
  m_EditorClassIdentifier: 
  tileMapName: mountainLakes
  loadDistance: 23
  generateTilesPerFrame: 5
  mainLayerGroups:
  - id: 0
    layerID: 0
    groupName: mountain
    tiles:
      tiles:
      - {fileID: 11400000, guid: d0318c272be68e54dbfc2d59b3df6c25, type: 2}
  - id: 1
    layerID: 0
    groupName: lake
    tiles:
      tiles:
      - {fileID: 11400000, guid: 7fc4b36191a3b4348815e9a8d751a81a, type: 2}
  - id: 2
    layerID: 0
    groupName: misc
    tiles:
      tiles:
      - {fileID: 11400000, guid: 3ff46a1afcbab1f4ca4ff043b0b8307b, type: 2}
      - {fileID: 11400000, guid: 2e46d38f14f65794fa949b8fb7f59bd8, type: 2}
      - {fileID: 11400000, guid: 0083291a30beeb447a94161a494cbb90, type: 2}
  additionalLayers:
  - id: 3
    layerID: 1
    groupName: Layer 0
    tiles:
      tiles:
      - {fileID: 11400000, guid: e75260f147bea83438a30026c8a5f89a, type: 2}
      - {fileID: 11400000, guid: 233421665cf0bb44a85dcaf1905cb44d, type: 2}
  mainLayerTileList:
    tiles:
    - {fileID: 1147036270}
    - {fileID: 932337945}
    - {fileID: 961588466}
    - {fileID: 363252178}
    - {fileID: 183446039}
    - {fileID: 1954498175}
    - {fileID: 326624697}
    - {fileID: 91444396}
    - {fileID: 273536107}
    - {fileID: 10288742}
    - {fileID: 1158308632}
    - {fileID: 295735655}
    - {fileID: 1121604453}
    - {fileID: 1562578457}
  additionalLayerList:
  - tiles:
    - {fileID: 902571589}
    - {fileID: 1924412346}
    - {fileID: 274850040}
    - {fileID: 575228364}
    - {fileID: 1029659677}
    - {fileID: 1460057656}
    - {fileID: 295991258}
    - {fileID: 722899937}
--- !u!4 &1700447899
Transform:
  m_ObjectHideFlags: 0
  m_CorrespondingSourceObject: {fileID: 0}
  m_PrefabInstance: {fileID: 0}
  m_PrefabAsset: {fileID: 0}
  m_GameObject: {fileID: 1700447890}
  m_LocalRotation: {x: 0, y: 0, z: 0, w: 1}
  m_LocalPosition: {x: 0, y: 0, z: 0}
  m_LocalScale: {x: 1, y: 1, z: 1}
  m_ConstrainProportionsScale: 0
  m_Children:
  - {fileID: 1584432111}
  m_Father: {fileID: 0}
  m_RootOrder: 5
  m_LocalEulerAnglesHint: {x: 0, y: 0, z: 0}
--- !u!114 &1700447901
MonoBehaviour:
  m_ObjectHideFlags: 0
  m_CorrespondingSourceObject: {fileID: 0}
  m_PrefabInstance: {fileID: 0}
  m_PrefabAsset: {fileID: 0}
  m_GameObject: {fileID: 1700447890}
  m_Enabled: 1
  m_EditorHideFlags: 0
  m_Script: {fileID: 11500000, guid: 837d309a329542bb9b8393c09fd17c50, type: 3}
  m_Name: 
  m_EditorClassIdentifier: 
  debugTile: {fileID: 0}
  emptyTileLayer: {fileID: 0}
  tileFrequencyCompensation: 1
  tileRotationCompensation: 1
  checkDistance: 8
  checkIterations: 73
  elevationMismatchPenalty: 5.42
  reportConflicts: 1
--- !u!114 &1700447902
MonoBehaviour:
  m_ObjectHideFlags: 0
  m_CorrespondingSourceObject: {fileID: 0}
  m_PrefabInstance: {fileID: 0}
  m_PrefabAsset: {fileID: 0}
  m_GameObject: {fileID: 1700447890}
  m_Enabled: 1
  m_EditorHideFlags: 0
  m_Script: {fileID: 11500000, guid: df2346cec6e85ca4a84f74cc359ef410, type: 3}
  m_Name: 
  m_EditorClassIdentifier: 
  maximumSteps: 5000
  maxHeightUp: 1
  maxHeightDown: -1
  nonGeneratedIsTraversable: 1
  markerPrefab: {fileID: 8043975979553258369, guid: b7b6dca9672c69449a3238744e860db2, type: 3}
  markerScale: 1
  markerElevation: 5
  from:
    x: 0
    z: 0
  to:
    x: 0
    z: 0
  pathLength: 0
  path_visual: []
--- !u!114 &1700447903
MonoBehaviour:
  m_ObjectHideFlags: 0
  m_CorrespondingSourceObject: {fileID: 0}
  m_PrefabInstance: {fileID: 0}
  m_PrefabAsset: {fileID: 0}
  m_GameObject: {fileID: 1700447890}
  m_Enabled: 1
  m_EditorHideFlags: 0
  m_Script: {fileID: 11500000, guid: 8a7b715b1ebb40a29743fc1bd8e43a03, type: 3}
  m_Name: 
  m_EditorClassIdentifier: 
  showGizmosInRange: 23
  allGroupSettings:
  - {fileID: 90974809}
  - {fileID: 1678896283}
  - {fileID: 176743621}
  heightBlendRange: 1
  fastBlending: 1
  blendFlatBiomesLess: 1
  dontCacheInEditor: 1
--- !u!1 &1744887285
GameObject:
  m_ObjectHideFlags: 0
  m_CorrespondingSourceObject: {fileID: 0}
  m_PrefabInstance: {fileID: 0}
  m_PrefabAsset: {fileID: 0}
  serializedVersion: 6
  m_Component:
  - component: {fileID: 1744887286}
  - component: {fileID: 1744887288}
  - component: {fileID: 1744887287}
  m_Layer: 5
  m_Name: Text (TMP)
  m_TagString: Untagged
  m_Icon: {fileID: 0}
  m_NavMeshLayer: 0
  m_StaticEditorFlags: 0
  m_IsActive: 1
--- !u!224 &1744887286
RectTransform:
  m_ObjectHideFlags: 0
  m_CorrespondingSourceObject: {fileID: 0}
  m_PrefabInstance: {fileID: 0}
  m_PrefabAsset: {fileID: 0}
  m_GameObject: {fileID: 1744887285}
  m_LocalRotation: {x: 0, y: 0, z: 0, w: 1}
  m_LocalPosition: {x: 0, y: 0, z: 0}
  m_LocalScale: {x: 1, y: 1, z: 1}
  m_ConstrainProportionsScale: 0
  m_Children: []
  m_Father: {fileID: 1574879239}
  m_RootOrder: 0
  m_LocalEulerAnglesHint: {x: 0, y: 0, z: 0}
  m_AnchorMin: {x: 0.2, y: 0}
  m_AnchorMax: {x: 0.8, y: 0.132342}
  m_AnchoredPosition: {x: 0, y: -23.2168}
  m_SizeDelta: {x: 0, y: -46.4336}
  m_Pivot: {x: 0.5, y: 0.5}
--- !u!114 &1744887287
MonoBehaviour:
  m_ObjectHideFlags: 0
  m_CorrespondingSourceObject: {fileID: 0}
  m_PrefabInstance: {fileID: 0}
  m_PrefabAsset: {fileID: 0}
  m_GameObject: {fileID: 1744887285}
  m_Enabled: 1
  m_EditorHideFlags: 0
  m_Script: {fileID: 11500000, guid: f4688fdb7df04437aeb418b961361dc5, type: 3}
  m_Name: 
  m_EditorClassIdentifier: 
  m_Material: {fileID: 0}
  m_Color: {r: 1, g: 1, b: 1, a: 1}
  m_RaycastTarget: 1
  m_RaycastPadding: {x: 0, y: 0, z: 0, w: 0}
  m_Maskable: 1
  m_OnCullStateChanged:
    m_PersistentCalls:
      m_Calls: []
  m_text: 'WASD - move, E - boost

    Change the values in the Board''s VisualPathfinding
    component to find the shortest path between specified coordinates.'
  m_isRightToLeft: 0
  m_fontAsset: {fileID: 11400000, guid: 8f586378b4e144a9851e7b34d9b748ee, type: 2}
  m_sharedMaterial: {fileID: 2180264, guid: 8f586378b4e144a9851e7b34d9b748ee, type: 2}
  m_fontSharedMaterials: []
  m_fontMaterial: {fileID: 0}
  m_fontMaterials: []
  m_fontColor32:
    serializedVersion: 2
    rgba: 4294967295
  m_fontColor: {r: 1, g: 1, b: 1, a: 1}
  m_enableVertexGradient: 0
  m_colorMode: 3
  m_fontColorGradient:
    topLeft: {r: 1, g: 1, b: 1, a: 1}
    topRight: {r: 1, g: 1, b: 1, a: 1}
    bottomLeft: {r: 1, g: 1, b: 1, a: 1}
    bottomRight: {r: 1, g: 1, b: 1, a: 1}
  m_fontColorGradientPreset: {fileID: 0}
  m_spriteAsset: {fileID: 0}
  m_tintAllSprites: 0
  m_StyleSheet: {fileID: 0}
  m_TextStyleHashCode: -1183493901
  m_overrideHtmlColors: 0
  m_faceColor:
    serializedVersion: 2
    rgba: 4294967295
  m_fontSize: 10.5
  m_fontSizeBase: 36
  m_fontWeight: 400
  m_enableAutoSizing: 1
  m_fontSizeMin: 5
  m_fontSizeMax: 72
  m_fontStyle: 0
  m_HorizontalAlignment: 2
  m_VerticalAlignment: 512
  m_textAlignment: 65535
  m_characterSpacing: 0
  m_wordSpacing: 0
  m_lineSpacing: 0
  m_lineSpacingMax: 0
  m_paragraphSpacing: 0
  m_charWidthMaxAdj: 0
  m_enableWordWrapping: 1
  m_wordWrappingRatios: 0.4
  m_overflowMode: 0
  m_linkedTextComponent: {fileID: 0}
  parentLinkedComponent: {fileID: 0}
  m_enableKerning: 1
  m_enableExtraPadding: 0
  checkPaddingRequired: 0
  m_isRichText: 1
  m_parseCtrlCharacters: 1
  m_isOrthographic: 1
  m_isCullingEnabled: 0
  m_horizontalMapping: 0
  m_verticalMapping: 0
  m_uvLineOffset: 0
  m_geometrySortingOrder: 0
  m_IsTextObjectScaleStatic: 0
  m_VertexBufferAutoSizeReduction: 0
  m_useMaxVisibleDescender: 1
  m_pageToDisplay: 1
  m_margin: {x: 0, y: 0, z: 0, w: 0}
  m_isUsingLegacyAnimationComponent: 0
  m_isVolumetricText: 0
  m_hasFontAssetChanged: 0
  m_baseMaterial: {fileID: 0}
  m_maskOffset: {x: 0, y: 0, z: 0, w: 0}
--- !u!222 &1744887288
CanvasRenderer:
  m_ObjectHideFlags: 0
  m_CorrespondingSourceObject: {fileID: 0}
  m_PrefabInstance: {fileID: 0}
  m_PrefabAsset: {fileID: 0}
  m_GameObject: {fileID: 1744887285}
  m_CullTransparentMesh: 1
--- !u!1 &1831706852
GameObject:
  m_ObjectHideFlags: 0
  m_CorrespondingSourceObject: {fileID: 0}
  m_PrefabInstance: {fileID: 0}
  m_PrefabAsset: {fileID: 0}
  serializedVersion: 6
  m_Component:
  - component: {fileID: 1831706855}
  - component: {fileID: 1831706854}
  - component: {fileID: 1831706853}
  m_Layer: 0
  m_Name: EventSystem (1)
  m_TagString: Untagged
  m_Icon: {fileID: 0}
  m_NavMeshLayer: 0
  m_StaticEditorFlags: 0
  m_IsActive: 1
--- !u!114 &1831706853
MonoBehaviour:
  m_ObjectHideFlags: 0
  m_CorrespondingSourceObject: {fileID: 0}
  m_PrefabInstance: {fileID: 0}
  m_PrefabAsset: {fileID: 0}
  m_GameObject: {fileID: 1831706852}
  m_Enabled: 1
  m_EditorHideFlags: 0
  m_Script: {fileID: 11500000, guid: 4f231c4fb786f3946a6b90b886c48677, type: 3}
  m_Name: 
  m_EditorClassIdentifier: 
  m_SendPointerHoverToParent: 1
  m_HorizontalAxis: Horizontal
  m_VerticalAxis: Vertical
  m_SubmitButton: Submit
  m_CancelButton: Cancel
  m_InputActionsPerSecond: 10
  m_RepeatDelay: 0.5
  m_ForceModuleActive: 0
--- !u!114 &1831706854
MonoBehaviour:
  m_ObjectHideFlags: 0
  m_CorrespondingSourceObject: {fileID: 0}
  m_PrefabInstance: {fileID: 0}
  m_PrefabAsset: {fileID: 0}
  m_GameObject: {fileID: 1831706852}
  m_Enabled: 1
  m_EditorHideFlags: 0
  m_Script: {fileID: 11500000, guid: 76c392e42b5098c458856cdf6ecaaaa1, type: 3}
  m_Name: 
  m_EditorClassIdentifier: 
  m_FirstSelected: {fileID: 0}
  m_sendNavigationEvents: 1
  m_DragThreshold: 10
--- !u!4 &1831706855
Transform:
  m_ObjectHideFlags: 0
  m_CorrespondingSourceObject: {fileID: 0}
  m_PrefabInstance: {fileID: 0}
  m_PrefabAsset: {fileID: 0}
  m_GameObject: {fileID: 1831706852}
  m_LocalRotation: {x: 0, y: 0, z: 0, w: 1}
  m_LocalPosition: {x: 0, y: 0, z: 0}
  m_LocalScale: {x: 1, y: 1, z: 1}
  m_ConstrainProportionsScale: 0
  m_Children: []
  m_Father: {fileID: 0}
  m_RootOrder: 4
  m_LocalEulerAnglesHint: {x: 0, y: 0, z: 0}
--- !u!114 &1924412346
MonoBehaviour:
  m_ObjectHideFlags: 0
  m_CorrespondingSourceObject: {fileID: 0}
  m_PrefabInstance: {fileID: 0}
  m_PrefabAsset: {fileID: 0}
  m_GameObject: {fileID: 0}
  m_Enabled: 1
  m_EditorHideFlags: 0
  m_Script: {fileID: 11500000, guid: 3ea8e27e8c73266459bfbd2470a9f761, type: 3}
  m_Name: ml_Boat(Clone)
  m_EditorClassIdentifier: 
  id: 1
  prefab: {fileID: 8130717730323554852, guid: 751e47909de423c4d8e0765e12b68c0d, type: 3}
  weight: 0.218
  uniqueRotations: 4
  minElevation: 0
  maxElevation: 0
  currentElevation: 0
  sideBorders:
  - borderData: {fileID: 0}
    relativeElevation: 0
  - borderData: {fileID: 0}
    relativeElevation: 0
  - borderData: {fileID: 0}
    relativeElevation: 0
  - borderData: {fileID: 0}
    relativeElevation: 0
  verticalBorder:
    vertBorderData: {fileID: 11400000, guid: cf83f521d490b2d4fba36a2f07b75a32, type: 2}
    offset: {x: 0, y: 0, z: 0}
  group:
    id: 3
    layerID: 1
    groupName: Layer 0
    tiles:
      tiles:
      - {fileID: 11400000, guid: e75260f147bea83438a30026c8a5f89a, type: 2}
      - {fileID: 11400000, guid: 233421665cf0bb44a85dcaf1905cb44d, type: 2}
  currentRotation: 1
--- !u!114 &1954498175
MonoBehaviour:
  m_ObjectHideFlags: 0
  m_CorrespondingSourceObject: {fileID: 0}
  m_PrefabInstance: {fileID: 0}
  m_PrefabAsset: {fileID: 0}
  m_GameObject: {fileID: 0}
  m_Enabled: 1
  m_EditorHideFlags: 0
  m_Script: {fileID: 11500000, guid: 3ea8e27e8c73266459bfbd2470a9f761, type: 3}
  m_Name: mlShore(Clone)
  m_EditorClassIdentifier: 
  id: 5
  prefab: {fileID: 1265174552070739859, guid: 51ea084e2217af845b5a2c39a306acea, type: 3}
  weight: 0
  uniqueRotations: 4
  minElevation: 0
  maxElevation: 0
  currentElevation: 0
  sideBorders:
  - borderData: {fileID: 11400000, guid: 76f6e9b2d394b2445a659732d103cc6e, type: 2}
    relativeElevation: 0
  - borderData: {fileID: 11400000, guid: 0308c1a01bb5ce04084888969f60c198, type: 2}
    relativeElevation: 0
  - borderData: {fileID: 11400000, guid: ca4c9ff2a5191f440860279cfebf2f03, type: 2}
    relativeElevation: 0
  - borderData: {fileID: 11400000, guid: 89e6136cf1e35c4439f8847f2da29d45, type: 2}
    relativeElevation: 0
  verticalBorder:
    vertBorderData: {fileID: 0}
    offset: {x: 0, y: 0, z: 0}
  group:
    id: 2
    layerID: 0
    groupName: misc
    tiles:
      tiles:
      - {fileID: 11400000, guid: 3ff46a1afcbab1f4ca4ff043b0b8307b, type: 2}
      - {fileID: 11400000, guid: 2e46d38f14f65794fa949b8fb7f59bd8, type: 2}
      - {fileID: 11400000, guid: 0083291a30beeb447a94161a494cbb90, type: 2}
  currentRotation: 3
--- !u!1 &2011920879
GameObject:
  m_ObjectHideFlags: 0
  m_CorrespondingSourceObject: {fileID: 0}
  m_PrefabInstance: {fileID: 0}
  m_PrefabAsset: {fileID: 0}
  serializedVersion: 6
  m_Component:
  - component: {fileID: 2011920881}
  - component: {fileID: 2011920880}
  m_Layer: 0
  m_Name: Directional Light (1)
  m_TagString: Untagged
  m_Icon: {fileID: 0}
  m_NavMeshLayer: 0
  m_StaticEditorFlags: 0
  m_IsActive: 1
--- !u!108 &2011920880
Light:
  m_ObjectHideFlags: 0
  m_CorrespondingSourceObject: {fileID: 0}
  m_PrefabInstance: {fileID: 0}
  m_PrefabAsset: {fileID: 0}
  m_GameObject: {fileID: 2011920879}
  m_Enabled: 1
  serializedVersion: 10
  m_Type: 1
  m_Shape: 0
  m_Color: {r: 1, g: 0.95686275, b: 0.8392157, a: 1}
  m_Intensity: 1
  m_Range: 10
  m_SpotAngle: 30
  m_InnerSpotAngle: 21.80208
  m_CookieSize: 10
  m_Shadows:
    m_Type: 2
    m_Resolution: -1
    m_CustomResolution: -1
    m_Strength: 1
    m_Bias: 0.05
    m_NormalBias: 0.4
    m_NearPlane: 0.2
    m_CullingMatrixOverride:
      e00: 1
      e01: 0
      e02: 0
      e03: 0
      e10: 0
      e11: 1
      e12: 0
      e13: 0
      e20: 0
      e21: 0
      e22: 1
      e23: 0
      e30: 0
      e31: 0
      e32: 0
      e33: 1
    m_UseCullingMatrixOverride: 0
  m_Cookie: {fileID: 0}
  m_DrawHalo: 0
  m_Flare: {fileID: 0}
  m_RenderMode: 0
  m_CullingMask:
    serializedVersion: 2
    m_Bits: 4294967295
  m_RenderingLayerMask: 1
  m_Lightmapping: 1
  m_LightShadowCasterMode: 0
  m_AreaSize: {x: 1, y: 1}
  m_BounceIntensity: 1
  m_ColorTemperature: 6570
  m_UseColorTemperature: 0
  m_BoundingSphereOverride: {x: 0, y: 0, z: 0, w: 0}
  m_UseBoundingSphereOverride: 0
  m_UseViewFrustumForShadowCasterCull: 1
  m_ShadowRadius: 0
  m_ShadowAngle: 0
--- !u!4 &2011920881
Transform:
  m_ObjectHideFlags: 0
  m_CorrespondingSourceObject: {fileID: 0}
  m_PrefabInstance: {fileID: 0}
  m_PrefabAsset: {fileID: 0}
  m_GameObject: {fileID: 2011920879}
  m_LocalRotation: {x: 0.40821788, y: -0.23456968, z: 0.10938163, w: 0.8754261}
  m_LocalPosition: {x: 0, y: 3, z: 0}
  m_LocalScale: {x: 1, y: 1, z: 1}
  m_ConstrainProportionsScale: 0
  m_Children: []
  m_Father: {fileID: 0}
  m_RootOrder: 0
  m_LocalEulerAnglesHint: {x: 50, y: -30, z: 0}
